3120 5180
700 466 739 528 13
823 458 828 471 ’

262 656 477 737 sambialibus,
501 654 583 742 apud
604 668 742 749 quemflet
760 677 823 744 quo
839 665 974 741 tempore
991 656 1036 738 is,
1059 654 1114 744 qui
1135 664 1184 720 eas

263 757 344 833 tenet
366 764 531 857 (exactor),
553 771 702 855 pecuniae
724 791 876 834 summam
897 769 931 832 in
956 770 993 833 iis
1016 788 1208 854 expressam,

260 883 399 968 accipere
420 882 523 969 possit
557 883 666 971 Magna
687 906 792 949 earum
814 883 929 947 utilitas
952 883 1095 946 omnibus
1116 891 1187 945 nota

261 1006 305 1061 est
325 1006 355 1060 et
373 986 467 1083 igitur
488 998 522 1061 in
543 1020 579 1063 ea
604 998 782 1085 explicanda
804 995 917 1063 morari
937 1020 1014 1085 opus
1034 1019 1098 1062 non
1119 997 1186 1061 erit.

261 1107 348 1174 Idem
368 1108 535 1176 dicendum
552 1111 590 1177 de
607 1113 661 1195 iis,
681 1111 763 1200 quod
786 1133 876 1198 supra
898 1109 984 1201 (oum
1007 1109 1045 1176 de
1064 1109 1186 1190 litteris,

262 1241 342 1307 quae
356 1218 587 1312 Bonklrieffes
601 1222 747 1307 audiunt,
769 1220 933 1312 egerimus)
948 1221 1188 1300 observavimus3

252 1314 375 1419 'nempe
389 1347 584 1420 mereatores,
596 1338 650 1425 qui
665 1336 844 1422 hujusmodi
855 1338 970 1402 litteras
982 1335 1094 1417 edunt,
1109 1334 1189 1398 nul-

263 1444 329 1508 lum
346 1442 459 1511 norum
474 1470 576 1514 creare
590 1444 733 1517 valorem.
758 1447 841 1528 Quid
855 1448 943 1514 enim
955 1425 1055 1534 agitur
1072 1469 1089 1510 a
1106 1457 1191 1510 tras-

264 1570 349 1624 sante
369 1559 490 1641 litterae
512 1558 695 1627 cambialis?
729 1561 843 1627 Scribit
862 1562 917 1626 ille
938 1559 978 1625 ad
1000 1560 1114 1640 alium,
1137 1558 1192 1644 qui

204 1706 227 1724 ··
262 1680 405 1735 trassatus'
426 1671 615 1757 appellatur,
645 1658 717 1736 eurn
744 1683 882 1758 tempore
903 1667 1049 1755 >indicato
1079 1667 1193 1731 solvere

262 1783 373 1851 dehere
394 1785 526 1851 exactori
553 1762 706 1875 (houden),
719 1796 835 1850 tantam
857 1784 1006 1871 pecuniae
1027 1803 1211 1874 summam,¹

265 1911 379 1986 quanta
402 1900 513 1965 litteris
539 1923 676 1987 expressa
701 1910 754 1966 est.
788 1899 930 1963 Trassans
955 1919 1061 1963 curare
1088 1894 1193 1978 debet,

265 2021 300 2073 ut
319 2021 460 2075 trassatus
475 2023 612 2096 tempore
622 2011 748 2077 delinito
764 2011 841 2100 quid
862 2010 1067 2077 habeatunde
1083 2009 1192 2091 solrat3

267 2123 356 2188 aliter
380 2123 464 2188 enim
486 2133 605 2188 exactor
631 2123 711 2187 nibil
737 2124 895 2187 obtinebit.
936 2123 1079 2187 Trassans
1102 2121 1195 2207 igitur

218 2276 221 2283 ,
266 2258 329 2301 non
345 2237 404 2301 sibi
419 2258 510 2302 novas
523 2247 680 2322 comparat
692 2234 812 2301 divitias
825 2233 977 2319 ejusmodi
992 2235 1100 2300 litteris
1113 2235 1195 2300 seri-

266 2350 385 2416 bendis.
418 2349 557 2415 Trassato·
579 2360 700 2445 tantum
718 2336 825 2433 jussit,
846 2349 1027 2433 pecuniam,
1050 2370 1144 2435 quam
1166 2349 1197 2413 ei

265 2466 402 2555 aliquam
424 2468 464 2530 ob
480 2486 603 2531 causam
623 2462 729 2546 dehet,
749 2462 839 2528 tortis
861 2462 991 2544 solvere,
1016 2472 1046 2526 et
1068 2462 1198 2547 pecunia

268 2578 323 2640 illa
349 2576 417 2660 jam
447 2586 565 2662 partem
595 2574 769 2641 divitiarum
800 2575 955 2640 trassantis
982 2576 1195 2641 constituebat.

269 2687 371 2771 Fides,
395 2711 489 2777 quam
508 2689 628 2756 exactor
652 2688 743 2755 habet
761 2690 919 2773 trassanti,
946 2691 1056 2754 valoris
1081 2690 1199 2756 litterae

267 2803 428 2869 eambialis
446 2814 492 2868 est
511 2824 603 2869 causa
628 2799 686 2893 (1).
711 2801 809 2903 ¹Idem
835 2801 1002 2868 dicendum
1028 2814 1088 2886 est,
1116 2800 1199 2891 quod

269 2918 308 2984 ad
330 2919 463 2984 valorem
491 2919 613 3002 attinet,
643 2916 682 2983 de
712 2928 834 2984 moneta
862 2941 880 2983 o
909 2915 1014 2983 charta
1043 2917 1198 3002 confecta,
1305 3007 1308 3012 Ι

188 3066 191 3073 ,
271 3055 365 3122 quam
380 3034 414 3097 in
432 3043 564 3098 extrema
582 3034 773 3115 necessitate,
798 3034 893 3098 veluti
912 3035 946 3097 in
964 3031 1122 3100 obsidione
1140 3057 1200 3099 ur-

271 3149 374 3227 bium,
393 3169 481 3232 saepe
493 3147 684 3232 magistratus
701 3144 818 3212 edebat.
832 3146 924 3211 Illam
940 3148 1201 3233 accipere-omnes

274 3266 463 3337 recusarent,
493 3256 520 3318 si
546 3256 604 3319 sibi
630 3267 747 3321 eertum
776 3277 841 3319 non
871 3242 1032 3339 haberent,
1055 3257 1200 3342 perieulis

274 3356 441 3453 propulsis,
457 3386 605 3432 se‘eamm
621 3364 772 3433 inlocum
790 3387 933 3441 nummos
948 3380 1123 3456 accepturos
1137 3393 1201 3437 osse

274 3503 293 3544 e
314 3479 447 3544 metallis
468 3477 655 3569 conlectos(
676 3478 698 3569 ).

288 3673 339 3745 .(1)
356 3677 524 3729 cf.Vir1tort.
537 3678 671 3744 lunulas,
688 3696 726 3746 op,
743 3677 808 3728 laud.
825 3695 879 3746 pag.
891 3680 950 3730 sot.

304 3766 341 3838 (s)
359 3769 395 3820 cf.
407 3771 451 3820 vn
461 3771 528 3820 noo.
542 3772 567 3821 r.
579 3772 652 3821 naor.
669 3788 707 3838 op.
723 3771 788 3821 raus.
804 3775 931 3840 Pagone.
953 3773 991 3821 cf.
1003 3773 1047 3821 vn
1058 3756 1121 3821 cnr}
1131 3772 1163 3820 r.
1176 3772 1207 3822 a.

270 3864 337 3930 ltro,
359 3864 385 3912 in
408 3879 476 3930 opere
498 3865 650 3916 Grusdstttze
666 3864 707 3914 der
732 3863 1056 3932 Volkssos'rtltsclollsplleys,
1074 3880 1129 3931 pag.
1146 3864 1204 3914 285.

275 3954 363 4021 §Mb
381 3955 488 4008 lleilelb.
502 3959 576 4006 teas.
628 4012 629 4016 Ἰ
