3120 5180
700 429 767 495 *31

243 691 245 695 ,
281 619 459 705 hujusmodi
484 623 571 708 leges
596 623 736 709 exigere,
767 620 821 686 sed
843 618 981 689 ‚easdem
1004 619 1097 691 etiam
1131 617 1211 703 teges

279 732 473 799 considerant
497 746 655 824 tamquam
683 735 867 805 necessarias
884 731 923 797 ad
948 729 1156 801 sustinendam
1185 740 1214 795 et

169 906 176 921 ,
275 843 451 930 augendam
466 843 651 932 dignitatem
666 845 800 935 alicujus
817 844 941 930 populi,
959 852 990 917 et
1006 841 1214 911 demonstrare
1257 847 1262 855 '

275 957 385 1022 solunt
407 956 603 1044 prudentiam
619 954 786 1044 ,politicam
809 955 965 1038 suadere,-
985 967 1019 1021 ut
1040 957 1123 1041 leges
1142 955 1214 1021 illae

276 1072 413 1138 &matur
435 1085 720 1141 etconserwntua

276 1218 280 1235 ·
322 1185 541 1278 Unusquisque
571 1188 704 1276 populus
732 1168 882 1273 gidriatur
908 1185 1000 1266 viris,
1031 1183 1146 1271 quibua
1174 1182 1215 1246 ob

274 1299 482 1385 sapientiam,-
504 1302 785 1387 virtutemtaliasvc
808 1299 927 1385 ingenii
952 1296 1037 1363 dotes
1052 1308 1092 1366 „et
1119 1295 1214 1393 patria

277 1420 308 1473 et
327 1410 423 1477 ferme
445 1434 550 1480 omnes
569 1414 671 1479 cultae
694 1422 798 1499 gentes
816 1411 948 1485 honores
963 1410 1112 1474 tribuunt.
1138 1406 1215 1471 His-
1327 1488 1336 1505 ,

276 1523 353 1615 topia
373 1527 488 1611 patriae
507 1527 661 1608 imaum,-
677 1525 837 1612 perspicua
860 1522 991 1591 humaui
1014 1520 1133 1608 ingenii
1151 1519 1214 1584 do-

272 1648 437 1729 cumenta,
470 1661 488 1712 a
516 1641 635 1706 civibus
657 1640 720 1707 auis
741 1639 835 1719 iacta,
866 1648 950 1703 tanta
975 1657 1048 1703 curu
1071 1633 1213 1719 superbia

275 1762 440 1834 memorat,
459 1763 573 1839 quanta
591 1753 668 1823 olim
679 1752 888 1838 Gracchorum
909 1760 1005 1819 mater
1027 1748 1108 1813 filios
1128 1769 1211 1831 suos,

275 1872 434 1951 tamquam
459 1862 553 1931 dectus
579 1878 737 1937 summum
762 1874 930 1939 matronae,
944 1860 1136 1948 proposuisse
1159 1858 1213 1922 di-

277 1972 364 2037 eitur.
411 1973 449 2037 lu
474 1973 603 2041 Francia
628 1976 754 2061 templi,
779 1975 940 2042 Pantheon
965 1972 1057 2056 dieti,
1083 1971 1213 2039 celebris
1283 1984 1287 1987 ’

276 2083 403 2172 antiqua
426 2086 601 2171 inscriptio:
617 2084 708 2155 ,Asso
731 2088 861 2175 proodq
879 2089 1023 2153 sommas
1046 2087 1081 2153 lo
1099 2088 1211 2172 patrie
1325 2134 1327 2138 ι

275 2200 560 2278 nonuncium,
587 2199 839 2288 indicatquanta
860 2199 898 2267 sit
919 2200 1016 2286 gloria
1038 2200 1210 2267 nationaiis.

168 2338 171 2344 >
276 2310 405 2378 Divitiae
425 2312 517 2389 etiam
539 2312 700 2396 cujusdam
721 2313 868 2395 civitatis,
891 2312 924 2377 id
938 2311 1210 2395 estdivitiaeom-

275 2426 538 2494 niumhominum
553 2427 708 2495 civitatem
728 2426 982 2493 constituentium
1003 2426 1097 2490 simul
1118 2448 1211 2491 sum·-

276 2550 340 2620 tae‚
363 2540 456 2603 etiam
475 2540 649 2615 referuntur
669 2541 750 2606 inter
772 2563 807 2605 ea
830 2539 944 2630 quibus
973 2540 1105 2607 maxime
1123 2520 1210 2627 'glo-

274 2651 370 2716 riatur
384 2653 498 2717 civitas.
522 2652 616 2717 Nulla
627 2632 730 2720 autem
742 2676 817 2740 gens
828 2652 948 2718 divitias
959 2653 1018 2718 sibi
1032 2675 1209 2740 comparare

275 2777 387 2852 potest,
408 2768 601 2855 quae'nescit
616 2768 679 2855 ipsa
700 2768 854 2855 proferre,
877 2788 956 2856 quae
975 2767 1035 2833 sibi
1053 2780 1124 2832 sunt
1146 2790 1209 2833 ne-

231 2897 235 2902 ·
272 2880 419 2945 cessaria·
450 2878 563 2945 Omnia
584 2881 757 2947 ab‘exteris
777 2882 918 2968 accipere
940 2879 995 2944 illa
1016 2877 1120 2962 dehet,
1142 2881 1209 2946 siue

273 2995 387 3081 quibus
407 3006 522 3060 exstare
542 3017 606 3059 non
628 3007 734 3081 potest.
770 2997 878 3061 Misera
900 2996 1034 3082 profecto
1056 3007 1101 3062 est
1122 2995 1209 3060 illius

271 3106 546 3192 gentiaoonditio,
573 3129 654 3196 quae
679 3106 829 3174 beneficia
860 3131 879 3173 a
906 3109 1075 3195 peregrinis
1096 3110 1209 3196 accipit

273 3231 303 3282 et
325 3243 426 3307 neque
448 3222 547 3286 cultos
566 3244 669 3305 agros,
692 3245 793 3310 neque
817 3221 954 3287 officinas
973 3221 1122 3307 possidet,
1151 3246 1209 3289 neo

272 3331 392 3421 aliquid
415 3331 583 3418 producere
602 3334 691 3396 salet.
727 3332 835 3419 Magna
857 3355 912 3419 pro
933 3342 1018 3418 parte
1037 3335 1227 3420 peregrinis'

242 3456 246 3459 ’
272 3469 349 3533 gens
374 3438 429 3511 illa
456 3446 593 3531 subjecta
615 3445 751 3532 ridetur,
774 3471 793 3511 a
819 3446 933 3537 quibus
957 3470 1059 3512 revera
1084 3448 1204 3535 pendet.

269 3561 330 3631 lua
352 3561 460 3650 iniqua
480 3560 616 3637 conditio
638 3585 691 3649 per
711 3563 830 3650 aliquot
847 3572 965 3647 tempus
982 3560 1105 3625 tolerari
1125 3564 1206 3651 qui-

270 3671 343 3739 dem
365 3684 487 3761 potesse
501 3671 587 3741 ratde
607 3673 777 3760 pauculosa
804 3684 907 3738 tamen
935 3682 995 3754 est,
1018 3692 1091 3737 nam
1113 3672 1205 3738 facile

271 3809 358 3852 casus
371 3787 520 3869 existunt,
541 3786 636 3852 veluti
655 3787 740 3852 hello
752 3797 871 3868 exorto,
891 3787 1004 3875 quibus
1021 3806 1114 3850 omne
1133 3806 1205 3852 cum

272 3902 380 3967 exteris
401 3902 642 3987 interrumpatur
662 3900 892 3967 commercium.
977 3976 981 3989 Ι

316 4013 501 4095 Prudentiae
536 4006 681 4101 politicae
712 4025 871 4103 praecepta
903 4024 1005 4079 vetant
1037 4016 1202 4107 quominus
