3120 5180
693 541 741 643 *ta

257 728 365 817 erigit,
397 751 471 794 nam
499 734 620 798 necesse
642 742 687 797 ert
715 742 749 796 ut
773 731 908 812 ferrarii,
936 731 985 795 illi
1018 720 1072 819 qui
1088 729 1183 796 »iuuet

257 846 385 932 velaque
402 843 584 927 conficiunt,
608 845 738 931 pictores
752 854 784 909 et
805 819 896 906 multi
914 841 969 905 alii
989 863 1094 927 operas
1114 864 1183 906 suaa
1244 908 1248 915 ,

236 944 445 1036 'adhibeant‘
463 958 516 1022 lili
535 969 636 1024 autem
659 958 840 1023 industriam
862 976 947 1021 suam
965 977 1102 1021 exercere
1118 977 1183 1020 non

254 1082 397 1156 poterunt
419 1084 450 1138 et
471 1073 564 1159 plano
590 1073 710 1137 inutilis
730 1073 787 1138 erit
809 1072 937 1135 illorum
963 1067 1128 1149 industria,
1157 1069 1183 1133 ai

252 1185 358 1249 civitas
373 1187 413 1250 ab
429 1187 498 1252 aliis
516 1188 668 1269 consectas
686 1210 776 1252 naves
791 1185 921 1273 pecunia
934 1183 1019 1250 emit.
1050 1182 1185 1271 Sequela'

252 1297 326 1378 erit,
359 1298 442 1386 quod
468 1301 602 1387 operarii
626 1325 658 1366 ae
687 1303 721 1365 in
750 1300 826 1365 alias
853 1299 992 1384 regiones
1017 1294 1181 1381 recipiant,

251 1432 384 1497 quarum
413 1414 567 1499 principes
599 1416 710 1480 melius
737 1411 866 1479 subditis
891 1412 958 1476 auis
982 1409 1180 1496 prospiciunt

241 1520 361 1617 Restat
376 1537 410 1589 ut
425 1529 713 1617 rerbo'moneamue
730 1528 822 1592 otiam
837 1525 876 1591 de
893 1522 1068 1612 quisquiliis
1080 1521 1181 1610 (lorra-

247 1634 342 1725 perr),
363 1661 402 1704 ex
422 1639 536 1726 quibus
555 1638 646 1705 hodie
664 1640 788 1708 chartae
809 1628 1023 1705 conficiuntur.

294 1749 473 1817 Chartarum
496 1775 568 1818 usus
587 1773 661 1818 cum
687 1753 785 1818 ubiuis
805 1771 990 1839 permagnus
1011 1748 1066 1832 rit,
1089 1747 1180 1811 multi

250 1866 391 1949 fuerunt,
409 1866 480 1954 qui,
502 1866 627 1930 illarum
647 1865 833 1932 confectioni
850 1883 974 1949 operam
993 1860 1066 1927 dare
1085 1861 1181 1946 cupi-

249 1973 348 2056 entes,
359 1998 433 2040 eum
445 1978 478 2040 in
492 1976 585 2043 finem
597 1976 719 2064 opifioia
729 1958 976 2043 aedificaverunt
999 1974 1059 2037 Illa
1076 1984 1179 2039 tamen
1202 2017 1207 2024 ·

249 2107 421 2174 numquam
449 2086 558 2151 florere
586 2110 672 2172 porse
700 2091 802 2172 statim
827 2088 985 2167 videbant,
1009 2088 1036 2152 ai
1060 2087 1179 2152 civibus

249 2200 355 2266 liceret
371 2223 418 2267 roa
430 2200 605 2286 primarias,
624 2222 703 2287 quae
720 2199 904 2265 confectioni
916 2199 1100 2282 inserviunt,
1115 2222 1178 2285 pc·-

247 2314 378 2401 regrinir
395 2314 535 2382 rendere.
565 2313 717 2379 Industria
739 2314 845 2380 contra
865 2312 1029 2378 nationaiis
1045 2334 1178 2399 promo·
1276 2361 1281 2366 -

248 2439 347 2511 vetur,
375 2431 403 2492 si
429 2429 537 2493 harum
564 2449 666 2492 rerum
693 2427 859 2514 exportatio
885 2424 1079 2512 prohibetur,
1102 2446 1175 2490 cum

246 2543 293 2608 ric
310 2542 365 2605 alii
382 2553 532 2628 cogantur
553 2542 672 2609 chartas
697 2532 718 2607 a
738 2541 856 2607 civibus
882 2540 1033 2606 coniectae
1062 2534 1174 2604 emeret

248 2654 403 2719 Damnum
424 2655 516 2721 etiam
537 2656 671 2721 sentiunt
694 2656 803 2738 exteri,
826 2677 897 2721 cum
921 2665 983 2721 tam
1009 2654 1100 2719 facile
1126 2676 1174 2719 rea

232 2767 406 2857 'primariae
433 2790 534 2835 emere
564 2780 724 2857 nequeant
739 2851 741 2855 ι
759 2769 792 2832 Si
819 2779 923 2833 autem
948 2765 1101 2854 indigenis
1126 2767 1174 2830 li-

241 2891 327 2957 *neret
346 2882 415 2947 illas
436 2882 506 2947 aliia
526 2880 668 2971 vendere,
698 2880 770 2947 inde
797 2880 976 2968 proflueret,
1008 2879 1090 2970 quod
1111 2889 1174 2966 pe*

246 2995 437 3081 regriuo'rum
465 2996 608 3062 florerent
628 2996 750 3081 opificia
772 3005 803 3063 et
823 2994 999 3062 chartarum
1021 2994 1173 3071 confectio

244 3109 279 3173 in
299 3111 424 3196 regione
444 3121 546 3175 nostra
570 3126 739 3198 numquam
757 3108 841 3174 felici
863 3129 935 3173 oum
958 3129 1097 3173 successu
1117 3107 1173 3171 io-

243 3241 317 3284 cum
336 3221 450 3287 habere
472 3232 579 3307 parret
613 3220 686 3304 Lex,
710 3219 760 3285 die
777 3224 796 3283 3
812 3220 926 3284 menois
942 3219 1083 3285 Octobris
1097 3222 1172 3284 anni

175 3338 179 3343 “
247 3334 332 3397 1816
354 3333 388 3396 in
407 3333 503 3418 patria
522 3343 623 3397 nostra
646 3332 853 3419 promulgata,
878 3341 910 3393 ut
933 3328 1100 3396 industriae
1118 3331 1171 3396 oi-

245 3443 331 3509 rinm
355 3444 505 3529 faveatur,
536 3445 615 3509 intcr
640 3444 700 3511 alia
723 3442 960 3532 quisquiliarum
983 3443 1171 3529 exportatio-

243 3577 317 3622 nem
340 3559 449 3623 merito
469 3559 618 3646 prohihet.

177 3732 184 3745 ’
241 3738 336 3822 §10.
370 3738 421 3804 De
443 3739 626 3817 comtibus,
649 3743 706 3828 qui
724 3739 772 3804 itt
793 3742 984 3830 eeiquntur,
1006 3740 1064 3805 ott
1086 3706 1171 3830 quoe¹

330 3856 455 3957 nigram
480 3856 596 3945 quibua
619 3857 805 3942 importantia
823 3866 885 3920 cut
904 3858 1080 3943 exportatio
1187 3838 1191 3855 ⁸

518 3971 675 4034 mercium
694 3969 891 4056 prohibetur.

274 4129 401 4215 ,Utumo
422 4133 490 4199 looo
511 4129 677 4199 dicendum
699 4142 744 4196 est
767 4130 805 4197 de
826 4131 1031 4217 argumentis,
1056 4131 1168 4221 quibu·

972 4259 978 4269 ’
992 4250 1010 4308 4
