3120 5180
266 697 466 788 cogitandum
486 702 592 788 itaque,
604 700 723 789 aliquid
746 712 824 783 erat,
840 723 913 789 -quo
933 724 1040 768 omnes
1060 724 1107 769 res
1130 701 1191 768 sibi
1264 788 1269 793 ι

270 818 444 900 comparare
474 825 595 899 possent
622 814 783 898 homines,¹
809 813 953 904 quodque
978 817 1019 881 ab
1048 815 1192 883 omnihus
1303 900 1305 903 v
1403 894 1410 907 .

267 948 365 1014 aeque
377 937 567 1013 exoptaretur
579 939 609 993 et
623 951 684 1016 quo
695 929 827 1014 pretium
843 930 983 994 omnium
995 951 1097 995 rerum
1106 927 1193 1019 defi·-

265 1041 393 1107 uitetur.
419 1039 636 1109 Constituendo
652 1054 715 1108 erat
726 1041 875 1132 quaedam
889 1064 1031 1108 mensura
1042 1042 1191 1129 generalis

266 1153 377 1218 valoris
399 1156 538 1219 omnium
560 1157 711 1223 mercium
731 1155 787 1247 (l).
824 1157 917 1222 Initio
937 1158 1027 1222 variis
1046 1157 1082 1251 in
1103 1156 1192 1240 regi-

268 1266 378 1331 onibus
394 1269 488 1351 varias
505 1293 552 1337 res
571 1270 778 1337 adhibuerunt
797 1271 953 1354 homines,
977 1270 1090 1359 quihus
1105 1269 1192 1332 illam
1244 1312 1247 1321 ·

234 1420 238 1433 ·
268 1399 442 1461 mensuram
463 1386 636 1469 generalem
664 1385 846 1451 constituere
874 1384 1050 1462 voluerunt,
1080 1391 1110 1445 et
1131 1378 1192 1445 de-
1294 1425 1296 1432 ,

268 1491 364 1580 nique
383 1494 477 1579 ferro,
500 1519 575 1563 auro
590 1498 778 1587 'argentoque
795 1499 844 1563 usi
864 1508 946 1562 sunt.¹
974 1496 1095 1561 Metalla
1113 1516 1210 1580 pre-r

267 1605 341 1673 tiosa
371 1630 444 1693 prae
474 1612 585 1679 ceteris.
609 1613 753 1679 omnibus
781 1613 876 1678 rebus
902 1612 1016 1695 optime
1046 1608 1191 1692 inservire

264 1732 405 1808 poterant
418 1705 559 1791 odiliam
570 1748 743 1792 mensuram
753 1736 922 1813 exoptatam
936 1720 1189 1789 constituendam.

265 1834 409 1922 Magnum
421 1850 647 1924 repraesentant
658 1842 805 1923 valorem,
818 1839 956 1928 quamvis
969 1860 1032 1903 non
1043 1856 1191 1922 maguum

213 1963 217 1970 '
267 1950 684 2034 occupantlocum5diusine
697 1950 1192 2039 ulloincommodounusquisque

265 2057 321 2123 illa
344 2081 460 2126 serrare
478 2074 590 2146 potest;
612 2088 670 2135 usu
693 2090 756 2130 non
777 2068 867 2131 facile
887 2064 1084 2147 deteruntur,
1106 2065 1189 2130 etin

265 2171 376 2237 multas
401 2195 438 2239 ae
465 2196 570 2259 parvas
596 2173 721 2263 quidem
742 2188 842 2261 partes
861 2177 955 2242 dividi
978 2189 1120 2264 possunt,
1143 2188 1189 2260 et,

264 2285 347 2374 quod
375 2298 446 2354 ante
471 2289 576 2354 omnia
598 2288 837 2356 animadvertere
862 2290 1024 2376 debemus,
1046 2292 1106 2359 hoc
1129 2304 1190 2375 est,
1286 2296 1290 2305 ’

234 2485 237 2491 ¹
263 2398 347 2488 quod
367 2400 516 2496 imagines
538 2411 569 2466 ct
589 2401 693 2486 signa,
716 2423 794 2486 quae
816 2402 1070 2475 insecuritatem
1081 2402 1191 2466 valoris

263 2523 309 2596 et,
334 2509 369 2576 ut
385 2515 485 2609 omnis
497 2514 580 2578 fraus
593 2490 758 2597 avertatur,
777 2514 811 2578 in
829 2496 868 2578 iis
883 2514 1122 2601 insculpunturp
1135 2534 1190 2600 per

264 2627 393 2711 longum
420 2627 552 2713 spatium
586 2628 730 2714 temporis
746 2628 878 2713 'integra
910 2637 1044 2693 manent.
1086 2625 1190 2695 Pecu-

223 2788 227 2795 .
264 2739 334 2805 niae
356 2762 413 2827 ope
434 2741 567 2805 valorem
588 2762 691 2807 rerum
710 2738 820 2807 dirersi
832 2741 951 2826 generis
966 2740 1042 2830 (uno
1058 2740 1189 2815 eodem-

262 2873 323 2941 que
335 2852 403 2917 loco
417 2874 453 2917 ac
469 2863 604 2939 tempore
616 2847 811 2938 exstantium)
827 2850 958 2940 quisque
968 2850 1030 2930 sibi
1045 2849 1189 2936 effingere

262 2975 374 3051 potest,
398 2966 440 3030 ita
460 2977 496 3029 nt
517 2988 567 3031 eas
592 2988 707 3033 secum
720 2964 853 3030 invicem
878 2985 1054 3052 comparare
1076 2965 1186 3050 possit;

176 3140 179 3147 ,
262 3097 335 3153 uam
359 3079 384 3143 si
408 3089 525 3144 constat
547 3080 608 3145 hoo
627 3078 745 3156 illudve
766 3080 922 3165 negotium
943 3077 1105 3146 duodecim
1127 3070 1187 3144 ra-

263 3190 326 3255 lerc
342 3190 488 3273 florenos,
505 3193 605 3256 statim
619 3193 711 3258 ctiam
724 3192 798 3257 sciet
812 3214 963 3279 quaenam
976 3189 1112 3281 quotque
1125 3176 1186 3257 alia

261 3303 384 3385 negotia
416 3302 476 3365 sibi
504 3325 559 3386 pro
590 3306 646 3370 illo
669 3305 828 3391 acquirere
857 3314 963 3388 potest
1009 3304 1188 3369 Observan-

260 3386 338 3480 dum
361 3424 419 3496 est,
452 3392 599 3499 pecuniae
622 3437 680 3479 usu
702 3413 874 3482 introducto
903 3415 1042 3481 homines
1067 3438 1186 3505 semper

261 3521 337 3587 duas
359 3545 503 3611 peragere
528 3522 639 3591 debere
664 3527 814 3606 actiones,
844 3528 870 3592 si
896 3549 1012 3609 merces
1038 3552 1106 3597 suas
1130 3553 1185 3617 pro

261 3636 330 3703 aliis
357 3647 474 3703 mutare
502 3640 628 3724 volunt,
657 3637 740 3729 quod
771 3651 861 3707 antea
893 3665 955 3708 una
986 3642 1183 3727 efficiebatur.
1270 3662 1273 3667 ’

259 3736 370 3817 Prima'
385 3751 464 3827 aetio
482 3764 598 3835 constat
619 3754 653 3817 in
675 3755 897 3839 permutatione
917 3757 978 3840 rei,
1002 3779 1095 3846 quam
1116 3758 1185 3845 quis

287 3926 324 3999 (l)
341 3932 451 3982 Germani
471 3934 594 4000 scriptores
613 3938 735 4003 pecuniam
754 3948 838 3988 vocant
856 3942 898 3989 sis
917 3942 1072 4005 allpsmoiasr
1100 3940 1191 4014 Wsrttsft
1215 3930 1219 3935 ⁶

255 4038 351 4075 mor.
369 4023 407 4076 Gi.
424 4026 467 4075 Vir
482 4026 550 4093 Boot.
562 4027 595 4080 tt.
605 4029 737 4097 lanu,
758 4033 860 4084 steorte
874 4033 915 4083 des
926 4032 1049 4098 Hsndsts,
1064 4049 1121 4100 pag.
1130 4034 1190 4083 269.

257 4112 362 4181 G'otting.
376 4117 451 4166 18³1.
477 4148 480 4153 -
