3120 5180
728 466 832 562 ⁴aa

373 688 530 777 pecuniae.
559 687 644 755 Nihil
666 688 834 755 amittimus
854 685 977 778 quaudo
996 707 1060 751 rem
1077 686 1214 775 aliquam
1230 694 1300 759 tra-

375 802 475 868 dimus
506 804 574 887 illi,
608 804 663 895 qui
692 804 781 871 nobis
813 802 899 883 aliud
930 800 982 867 dat
999 802 1180 888 negotium,
1209 797 1298 882 cujus

375 917 459 981 valor
487 916 596 982 similis
619 928 663 983 est
688 917 784 982 valori
805 917 866 1000 rei,
896 938 989 1010 quam
1014 937 1033 981 a
1060 912 1152 979 nobis
1171 912 1297 998 accepit

357 1025 511 1094 fRatione
533 1031 648 1095 formae
671 1030 744 1096 illae
768 1053 814 1095 res
842 1028 975 1095 diversae
999 1048 1062 1094 esse
1082 1036 1222 1113 possunt,
1248 1021 1301 1090 sed

376 1141 478 1229 quoad
498 1143 632 1208 valorem
653 1139 778 1208 eaedem
794 1154 873 1207 sunt.
905 1141 963 1208 Sed
986 1139 1043 1230 (sic
1060 1141 1143 1204 enim
1158 1133 1301 1226 pergunt)

374 1254 563 1319 frumentum
593 1255 782 1320 eonsumitur
809 1265 839 1320 et
863 1265 930 1340 post
950 1250 1076 1340 aliquod
1096 1263 1216 1337 tempus
1239 1269 1302 1313 non

375 1366 508 1453 amplius
523 1365 637 1450 aderit,
656 1377 849 1433 cumcontra
866 1366 1011 1453 pecunia,
1031 1343 1138 1428 natura
1155 1386 1209 1428 sua
1223 1383 1303 1428 con-

376 1483 522 1547 sumtioni
553 1501 616 1559 non
646 1483 791 1566 obnoxia,
824 1505 942 1570 semper
965 1493 1095 1547 maneat.
1136 1480 1304 1547 Licet-hoc

376 1576 482 1661 verum
505 1598 560 1681 sit,
581 1607 684 1663 tamen
704 1598 833 1665 minime
858 1607 940 1683 patet
960 1597 1112 1662 civitatem
1130 1617 1213 1683 quae
1234 1595 1305 1657 fru-

376 1721 516 1775 mentum
543 1713 619 1776 emit
647 1710 773 1799 aliquod
798 1711 861 1797 pati
889 1709 1038 1777 damnum
1058 1707 1115 1798 (1).
1153 1709 1223 1789 Illi,
1249 1706 1304 1794 qui

375 1825 564 1889 frumentum
591 1837 823 1891 consumserunt
850 1847 956 1910 operas
984 1845 1052 1886 suas
1074 1820 1220 1885 adhibere
1242 1842 1305 1907 po-
1355 1892 1362 1904 .

374 1949 499 2002 tuerunt
526 1938 560 1999 in
585 1959 688 2001 rerum
718 1937 941 2001 confectionem
970 1947 1022 1998 aut
1050 1934 1305 2016 elaborationem,

376 2069 508 2137 querum
529 2047 613 2113 valor
632 2046 779 2111 frumenti
798 2047 951 2112 consumti
967 2046 1098 2133 pretium
1120 2045 1154 2111 in
1174 2069 1205 2111 se
1224 2069 1305 2112 con-

374 2161 461 2225 tinet.
476 2159 571 2227 Valor
585 2181 705 2242 rerum,
719 2180 797 2245 quae
810 2154 1032 2225 consumuntur
1045 2160 1174 2225 minime
1189 2183 1305 2247 semper

375 2271 550 2360 deperditus
577 2284 630 2338 est.
666 2272 765 2338 Lanae
791 2296 818 2337 r.
848 2296 876 2360 g.
902 2295 977 2362 quas
1006 2275 1104 2360 opifex
1131 2277 1221 2357 emit,
1251 2275 1305 2362 qui

377 2408 551 2475 pannorum
572 2387 723 2453 textilium
746 2386 931 2452 confectioni
952 2408 1076 2473 operam
1098 2399 1202 2471 navat,
1223 2388 1307 2452 brevi

379 2523 443 2565 uon
465 2501 598 2587 amplius
619 2498 764 2582 aderunt,
792 2498 844 2564 sed
864 2510 969 2566 tamen
989 2522 1053 2564 uon
1074 2499 1242 2567 censendus
1264 2512 1308 2566 est
1368 2476 1372 2485 ι

378 2614 433 2677 ille
463 2623 592 2694 sortem,
625 2633 719 2702 quam
746 2611 780 2675 in
808 2610 949 2678 lanarum
974 2614 1139 2695 emtionem
1167 2612 1308 2680 adhibuit

378 2726 423 2791 sic
442 2724 579 2789 amisisse
595 2721 652 2814 (2)
678 2723 772 2791 Valor
788 2745 962 2810 pannorum
979 2727 1144 2810 textilium,
1165 2728 1220 2815 qui
1238 2738 1308 2791 sunt

274 2892 278 2899 .
379 2839 527 2922 coniecti,
550 2839 691 2902 lanarum
718 2837 811 2901 etiam
833 2837 966 2902 valorem
988 2838 1023 2902 in
1043 2861 1074 2904 se
1098 2841 1255 2907 continent
1278 2851 1308 2904 et

359 3010 362 3017 .
379 2960 613 3038 repraesentant
641 2948 727 3013 Idem
743 2946 854 3015 accidit
869 2950 904 3014 in
919 2972 992 3017 casu
1008 2963 1118 3018 nostro.
1143 2954 1308 3020 Pecuniam

380 3087 399 3128 a
427 3061 517 3129 nohis
544 3060 674 3127 solutam
702 3060 758 3125 alii
785 3083 870 3127 nune
899 3061 1025 3151 quidem
1053 3040 1225 3151 possident,
1258 3065 1310 3132 sed

381 3180 462 3247 cives
483 3178 577 3243 aliam
601 3179 799 3243 obtinuerunt
821 3190 948 3263 sortem,
973 3202 1053 3269 quae
1079 3181 1227 3268 pecuniae
1254 3205 1312 3247 er-
1405 3178 1409 3185 ’

382 3303 516 3382 portatae
531 3304 585 3358 aut
600 3293 748 3358 frumenti
762 3292 918 3378 importati
935 3294 1067 3360 valorem
1085 3297 1232 3365 continet.
1254 3295 1312 3361 ci-

383 3406 483 3473 vitatis
508 3407 601 3492 igitur
627 3405 750 3471 divitiae
773 3407 922 3492 pecuniae
942 3410 1148 3494 asportatione
1168 3432 1233 3477 non
1253 3409 1311 3474 di.

361 3596 366 3611 ξ,
384 3519 584 3604 minuuntur,
608 3520 633 3583 si
649 3520 725 3584 alias
743 3541 791 3584 res
808 3519 874 3603 ejus
890 3520 924 3583 in
940 3521 1043 3586 locum
1061 3521 1200 3588 obtinent
1215 3522 1308 3603 cives,

385 3654 517 3723 quarum
538 3633 621 3700 valor
642 3634 738 3699 mlori
758 3632 906 3720 pecuniae
925 3631 1086 3721 respondet
1106 3634 1120 3723 (
1141 3632 1163 3723 ).

417 3829 458 3900 (l)
474 3832 511 3881 Cf.
529 3832 560 3881 V.
577 3830 612 3879 Cl.
631 3828 654 3878 J.
672 3830 699 3877 ll.
718 3830 781 3894 Ser,
799 3845 838 3895 op.
856 3829 873 3879 l.
895 3832 959 3879 Tom.
975 3829 1011 3888 Π,
1025 3845 1080 3896 pag.
1096 3832 1155 3883 309.

417 3922 454 3991 (2)
472 3923 509 3972 Cf.
532 3924 584 3972 Vir.
605 3920 668 3969 Clar.
687 3920 719 3968 K.
739 3920 769 3968 H.
792 3921 862 3986 Rru,
886 3922 1011 3972 Letrtuct
1030 3922 1073 3972 der
1093 3924 1146 3972 Pol.
1167 3922 1316 3970 Oecorrorm'e.

383 4014 448 4064 Tom.
465 4010 488 4063 Ι.
505 4012 519 4080 β
537 4016 595 4063 128.
869 4022 872 4027 ’

419 4101 461 4175 (³)
480 4105 517 4156 Cf.
530 4106 574 4156 Vir
591 4105 657 4155 noct.
672 4106 764 4163 Lrocns
779 4120 818 4172 op.
834 4103 852 4153 l.
863 4119 919 4171 pag.
934 4105 985 4156 80⁰
1000 4118 1065 4170 seqq.
1082 4103 1215 4169 lumino,
1232 4100 1280 4155 ll.
1293 4109 1318 4149 et
