3120 5180
805 482 844 546 12

363 670 533 762 comate).
542 675 685 761 Inprimis
693 674 745 741 hic
753 676 786 739 in
796 695 916 741 sensum
928 673 1056 739 ueniunt
1065 671 1287 760 litterae‚quac'

362 784 730 878 Belgice'Barrlslrisfjee
744 801 906 872 vocantur,
920 799 950 854 et
963 788 1079 854 litterae
1094 786 1267 863 cambiales.

406 901 438 964 Si
462 902 611 989 principia
634 925 723 988 supra
744 902 853 967 tradita
875 904 1082 983 observamus,
1106 900 1205 963 statim
1222 920 1286 982 ap·

363 1016 480 1100 parebit
498 1016 567 1109 illas
588 1016 701 1080 litteras
724 1017 846 1102 proprie
871 1017 956 1082 inse
980 1015 1101 1079 nullum
1125 1012 1285 1078 continere

361 1129 505 1194 valorem.¹
528 1129 585 1192 Eas
603 1139 723 1192 tanturn
742 1130 776 1195 in
791 1130 975 1195 solutionem
992 1126 1150 1211 accipiunt
1165 1146 1285 1207 omues,

362 1241 417 1328 qui
438 1242 577 1326 aliquam
597 1252 691 1325 agunt
710 1251 919 1311 mercaturam.
952 1239 1111 1318 Quaenam
1129 1238 1222 1323 igitur
1244 1247 1288 1302 est

361 1372 468 1433 eausa,
491 1372 546 1416 cur
566 1361 686 1415 tantum
705 1352 745 1415 iis
768 1352 902 1416 valorem
915 1350 1099 1419 'adscribant
1124 1345 1287 1417 homines?

359 1465 489 1537 Litterae
510 1465 644 1530 valorem
673 1466 707 1528 in
734 1465 772 1529 iis
799 1487 972 1551 expressum
997 1473 1288 1551 repraesentantes,

362 1579 417 1667 qui
432 1600 482 1643 eas
499 1579 627 1665 accipit,
646 1577 714 1643 ideo
726 1576 846 1643 nullam
862 1589 962 1644 moret
972 1577 1197 1659 difficultatem,
1217 1576 1289 1663 quia

362 1693 421 1756 sihi
439 1704 557 1758 certum
580 1692 687 1775 habet,
716 1716 747 1757 se
776 1694 866 1759 facile
894 1716 944 1759 eas
974 1694 1008 1756 in
1034 1692 1197 1777 pecuniam
1220 1709 1289 1751 nu-

361 1815 508 1869 meratam
526 1818 700 1889 permutare
710 1829 805 1892 posse.
828 1804 1050 1873 Persuasioilla
1068 1804 1093 1866 si
1109 1823 1172 1865 non
1188 1798 1288 1883 adest,

361 1939 451 1982 nemo
471 1940 521 1981 eas
543 1919 681 2002 accipiet.
712 1917 789 1996 Quis
808 1919 908 2000 enim,
937 1939 1064 2004 quaese,
1083 1939 1200 1982 merces
1222 1938 1290 1981 suas

361 2026 483 2110 vendet,
501 2048 573 2094 cum
584 2029 619 2093 in
630 2029 813 2094 solutionem
826 2040 1010 2117 accepturus⁸
1015 2031 1054 2095 sit
1063 2030 1199 2097 chartam
1211 2031 1291 2094 nul-

361 2144 421 2208 lius
440 2144 503 2210 scre
522 2143 646 2226 valoris,
671 2145 759 2230 cujus
780 2156 885 2211 auctor
906 2145 936 2210 ei
955 2146 1077 2230 ignotus
1098 2157 1142 2211 est
1166 2156 1289 2209 etcum

305 2312 315 2325 ,
361 2259 492 2322 maxime
514 2258 665 2323 incertum
688 2259 743 2338 sit,
770 2279 811 2320 au
831 2279 886 2342 pro
907 2256 965 2322 hac
994 2257 1098 2320 charta
1124 2255 1291 2342 aliquando

310 2390 321 2431 1
357 2372 526 2460 pecuniam
542 2382 757 2439 consecuturus
768 2371 815 2436 sit.
826 2369 952 2436 Fiducia
962 2366 1106 2460 (orediet)
1120 2390 1213 2457 quarn
1227 2368 1291 2433 hu-

361 2488 414 2553 het
427 2489 500 2569 ille,·
511 2487 566 2573 qui
578 2509 628 2551 eas
646 2486 777 2570 accipit,
794 2485 832 2549 iis
840 2485 904 2572 qui
918 2482 1098 2569 hujusmodi
1108 2484 1226 2550 chartas
1237 2494 1290 2547 aut
1338 2518 1340 2523 <
1374 2466 1378 2479 ¹

363 2601 477 2669 litteras
502 2597 612 2679 edunt,
630 2619 686 2661 ⁴eas
711 2597 745 2659 in
765 2618 858 2679 *usum
881 2597 1062 2683 introduxit3
1090 2610 1136 2681 et,
1161 2598 1291 2663 simulac

362 2722 461 2777 metus
481 2710 585 2776 existat
600 2709 709 2774 harum
729 2710 899 2777 litterarum
916 2686 1053 2779 auctores
1071 2735 1121 2776 eas
1138 2734 1201 2791 non
1218 2720 1292 2777 am-

363 2826 445 2913 plius
470 2846 526 2912 pro
553 2825 683 2910 pecunia
706 2835 863 2889 numerata
884 2835 1057 2908 recepturos
1081 2845 1160 2903 esse,
1185 2844 1290 2888 omnes

362 2941 501 3024 accipere
517 2960 567 3003 eas
586 2938 779 3032 recusabunt.
796 2937 922 3002 llininrc
937 2937 1030 3024 igitur
1047 2935 1289 3020 dicendumst,

363 3053 471 3117 litteris
505 3048 656 3145 ejusmodi
688 3049 777 3116 editis
810 3030 925 3118 directe
956 3049 1077 3117 divitias
1105 3051 1139 3115 in
1170 3050 1291 3116 civitate

362 3166 477 3254 augeri.
514 3163 575 3245 Qui
597 3165 685 3252 plura
702 3165 804 3252 cupit,
828 3163 915 3231 adeat
934 3165 1045 3232 Virum
1066 3163 1111 3229 (ll.
1132 3165 1215 3247 Sar,
1238 3187 1288 3251 op.

362 3278 444 3347 laud.
475 3280 560 3346 Tem.
584 3279 624 3344 H.
658 3304 726 3368 pag.
752 3284 814 3346 148
834 3303 917 3370 sqq.,
945 3281 1000 3368 qui
1024 3282 1147 3347 brevem
1170 3280 1292 3347 exhibet

272 3452 278 3457 .
362 3395 520 3460 historiam
539 3395 727 3478 chartarum,
747 3417 826 3483 quae
843 3396 877 3458 in
889 3394 951 3459 fine
970 3394 1177 3480 praecedentis
1195 3395 1291 3460 seculi

364 3504 463 3572 editae
484 3506 585 3596 sunt(
608 3503 630 3594 )
668 3570 671 3575 ,
1204 3482 1206 3489 ¹

408 3621 608 3686 Transeamus
630 3642 715 3687 nunc
738 3618 777 3685 ad
797 3621 912 3686 litteras
935 3621 1106 3690 cambiales.

408 3735 485 3800 Illae
506 3734 599 3799 etiam
623 3734 741 3800 litterae
762 3744 845 3800 certo
873 3757 962 3800 sensu
988 3733 1136 3818 pecuniae
1154 3733 1288 3797 valorem

251 3858 264 3903 t
365 3850 458 3915 iniis
479 3870 651 3937 expressum
672 3860 905 3935 repraesentant.
944 3844 1098 3913 ludicatur
1122 3848 1160 3941 iu*
1180 3844 1290 3945 litteris

367 4009 588 4022 w

394 4088 432 4160 (2)
448 4092 485 4143 ct.
497 4094 540 4159 Vir
550 4094 617 4144 Dect.
632 4094 664 4144 tt.
675 4095 808 4159 lurum,
825 4088 939 4158 ephud.
956 4107 1012 4158 pap.
1024 4091 1075 4139 850
1083 4105 1134 4155 seq.
