3120 5180
640 538 762 636 „7

271 735 330 789 'aut
356 725 415 810 ipsi
441 724 490 791 eas
516 728 649 812 proferre
670 750 785 794 merces
804 738 856 791 aut
878 727 916 793 iis
939 727 1040 813 plane,
1053 724 1198 813 indigere.

269 837 373 924 Saepe
390 839 449 925 ipsi
469 837 508 903 ad
526 862 641 906 merces
656 834 973 925 ''conficiendas-longe
984 838 1115 923 majores
1133 842 1201 902 im-

276 949 409 1035 pendere
430 951 583 1018 debebant
605 965 735 1036 sumtus,
760 975 853 1042 quam
872 953 928 1040 qui
950 952 984 1016 in
1004 953 1073 1016 aliis
1095 953 1201 1037 regio·
1256 1011 1260 1018 .

247 1088 249 1093 ‘
278 1064 368 1127 nibus
387 1067 645 1153 requirebantur,
661 1067 743 1155 quod
764 1066 931 1148 efficiebat,
948 1076 982 1128 ut
1002 1084 1106 1157 earum
1125 1087 1202 1150 pre-

277 1170 355 1238 tium
385 1178 476 1264 longe
502 1179 602 1264 majus
630 1192 721 1263 esset,
751 1202 844 1268 quam
866 1178 962 1259 illud,
990 1177 1073 1266 quod
1096 1178 1203 1247 exteris

277 1296 365 1355 antea
392 1291 569 1357 solvendum
599 1306 670 1360 erat.
712 1295 828 1373 Verum
856 1292 981 1381 quidem
1010 1304 1054 1359 est
1078 1293 1203 1361 Batavos

277 1398 430 1488 aliosque,
448 1406 503 1491 qui
520 1407 715 1472 olimrerum
731 1419 899 1474 exterarum
916 1424 988 1473 cum
998 1404 1108 1492 buglis
1126 1427 1205 1492 age-

277 1514 350 1578 bant
374 1520 593 1595 commercium
619 1521 779 1586 commoda
802 1542 912 1615 magna
934 1519 1120 1604 percepisse,
1149 1515 1203 1581 sed

276 1649 339 1695 non
367 1630 611 1699 obliviscendum
635 1645 681 1698 est
705 1634 812 1720 singlis
841 1648 963 1721 quoque
989 1629 1021 1694 id
1044 1651 1202 1696 commer-
1295 1638 1297 1646 '

276 1741 360 1805 cium
388 1741 570 1809 damnosum
602 1768 665 1813 non
693 1748 785 1811 luisse
812 1743 869 1835 (1).
893 1745 1020 1815 ‚Libera
1047 1743 1202 1815 voluntate

275 1854 422 1921 emtiones
453 1869 483 1921 et
509 1858 698 1924 venditiones
726 1859 983 1929 contrahebantur
1010 1867 1040 1922 et
1071 1857 1205 1942 proiecto

211 2049 214 2055 Ι
276 1977 447 2035 contractae
464 1993 528 2034 non
548 1966 689 2056 luissent,
712 1975 738 2037 si
756 1972 904 2037 damnum
926 1969 1054 2058 aliquod
1077 1993 1108 2042 se
1130 1967 1206 2035 inde

275 2102 413 2167 passuros
432 2094 495 2149 esse
515 2087 699 2171 putavissent
708 2085 812 2170 Angli.
834 2085 1004 2149 Industriae
1025 2087 1127 2171 itaque
1150 2085 1205 2150 illa

276 2193 323 2258 lex
345 2217 409 2260 non
426 2195 515 2278 iavit,
536 2218 650 2263 merces
668 2208 785 2262 exterae
802 2196 917 2261 multae
934 2217 1005 2261 cum
1020 2183 1209 2263 arcerentur.¹

181 2334 187 2347 ι
275 2307 369 2373 llulta
394 2320 424 2374 et
444 2332 522 2374 nora
546 2310 669 2395 opificia
691 2311 739 2379 illi
760 2286 933 2374 debuerunt
948 2309 1114 2395 originem,
1136 2308 1204 2393 sed,
1242 2352 1246 2357 ι

274 2421 320 2483 uti
346 2421 413 2504 jam
433 2395 579 2503 vidimus,
607 2423 733 2485 illorum
762 2433 924 2507 proventus
952 2421 1063 2505 majori
1087 2443 1207 2489 summa

276 2534 424 2616 pecuniae
442 2533 578 2600 solvendi
592 2546 678 2600 erant
700 2558 718 2600 a
745 2536 1017 2618 consumentibus,
1030 2516 1123 2623 quam
1149 2557 1204 2621 pro

276 2666 335 2730 qua
367 2656 456 2711 antea
481 2647 573 2711 e'xteri
603 2647 723 2715 easdem
755 2649 794 2712 iis
823 2645 1034 2714 offerebant
1066 2646 1204 2735 Opifioes

276 2736 437 2825 commoda
459 2779 571 2846 magna
590 2741 759 2846 percepisse
781 2760 940 2846 probabile
966 2773 1025 2844 est,
1051 2759 1103 2827 sed
1124 2762 1208 2837 illor,
1242 2777 1245 2783 '

275 2895 344 2937 rum
367 2875 488 2941 lucrum
514 2876 716 2967 constituebat
742 2873 1205 2971 detrimentumquodeonsu-

276 2998 394 3051 mentes
410 2989 589 3079 septiebsnt.
627 2987 761 3073 Opifices
781 2989 897 3078 aliique
913 2991 1108 3076 exteris'non
1127 2996 1204 3073 arn'-¹

277 3103 358 3188 plius
370 3112 432 3167 tam
449 3103 538 3168 facile
552 3100 681 3168 vendere
694 3115 834 3189 poterant
851 3127 969 3171 mercae
984 3129 1069 3190 suas,
1089 3109 1203 3196 quibus

277 3227 364 3281 antea
399 3215 554 3280 solvebant
587 3238 662 3304 quas
692 3216 784 3281 exteri
811 3217 976 3302 importare
997 3200 1142 3286 'solebant
1172 3233 1204 3287 et

260 3336 395 3394 ‘motum
417 3331 567 3396 mercium
589 3332 626 3395 iis
644 3332 757 3397 licebat
776 3331 926 3398 conficere
947 3345 1000 3397 aut
1028 3335 1200 3425 elaborare,

278 3455 427 3534 quantum
449 3443 604 3531 indigenis
633 3443 835 3511 necessarium
869 3455 941 3511 erat.
982 3444 1091 3514 Effecit
1121 3459 1202 3515 certo

279 3560 372 3644 hujus
396 3559 471 3646 legis
501 3559 720 3646 promulgatio,
735 3557 832 3648 ‚quod
861 3572 1031 3627 crescerent
1062 3584 1109 3627 res
1137 3585 1201 3627 na-

278 3673 359 3739 rales
384 3671 529 3759 Angliae,
562 3670 613 3737 sed
647 3670 739 3736 simul
766 3682 868 3757 patere
901 3671 1040 3757 videtur,
1069 3673 1200 3740 Parlea-

279 3842 483 3855 unu-nt*-

306 3949 346 4021 (l)
363 3954 400 4002 Gi.
422 3953 464 4003 Vir
485 3952 551 4001 lieet.
568 3952 697 4016 Srsrrorrm,
721 3951 801 4001 Nouo.
824 3952 908 4001 Priore.
927 3951 947 3999 Ι.
970 3950 1027 3999 134.
1053 3951 1152 4017 lomois
1169 3954 1204 4002 tea

274 4045 393 4114 lebonqes
407 4043 525 4096 n’ttos'ent
539 4047 636 4095 conclus
649 4061 708 4095 sons
724 4052 844 4110 coortope
861 4046 902 4095 ries
916 4044 980 4093 deor
992 4051 1070 4110 parts.
1096 4045 1131 4095 Lo
1147 4060 1206 4094 aeo—

273 4137 332 4188 deor
347 4142 453 4190 tranauit
468 4138 500 4189 du
516 4136 619 4204 tristifico
635 4135 651 4186 d
667 4138 755 4187 vendre
772 4145 796 4187 et
811 4135 941 4187 t’oobeteor
956 4134 971 4186 ἀ
988 4138 1092 4188 oobrtor.
