3120 5180
408 715 600 798 obtineatur,
630 716 743 804 quibus
774 715 948 802 importatio
971 714 1244 803 mercium,‚qrrae
1272 719 1338 800 jam
1421 787 1425 793 ,

408 830 583 896 elaboratae
609 840 694 913 sunt,
723 830 913 918 prohibetur.
929 840 959 894 et
988 828 1091 911 aliae,
1108 851 1187 916 quae
1215 841 1336 912 carent,

408 963 448 1007 ne
475 965 523 1006 res
547 944 710 1029 primariae
739 942 785 1033 (id
808 954 865 1007 est:
902 964 986 1030 quae·
1009 940 1148 1009 noudum
1175 942 1213 1007 ad
1245 944 1337 1015 illum
1373 944 1379 953 '

407 1054 535 1142 gradum
550 1058 743 1143 perfectionis
754 1067 970 1143 pervenerunt,
991 1078 1084 1144 quem
1098 1057 1335 1144 attingerepos—

404 1167 487 1259 sunt)
510 1148 711 1259 exportentur.
770 1160 773 1167 ⁴
1217 1246 1219 1250 y
1281 1158 1289 1168 ⁴

437 1282 573 1357 Pretium
584 1284 668 1349 enim
684 1305 786 1349 rerum
800 1283 1233 1370 primariorumelaboratione
1246 1307 1335 1370 saepe

404 1399 566 1483 centuplex
596 1396 733 1462 redditur
764 1408 794 1462 et
820 1396 1004 1462 damnosum
1034 1398 1128 1484 igitur
1156 1411 1256 1482 esset,
1285 1420 1334 1463 eas

401 1514 470 1579 aliis
489 1513 606 1579 tradere
626 1524 660 1577 ut
680 1514 888 1595 elaberentur,
909 1514 981 1602 quia
1004 1515 1144 1598 luorum,
1162 1513 1244 1604 quod
1269 1516 1334 1581 ba-

401 1641 469 1684 rum
491 1643 594 1687 rerum
616 1633 745 1689 emtores
762 1623 920 1710 percipere
944 1625 1003 1689 sibi
1021 1637 1214 1712 proponunt,
1235 1628 1333 1691 amit-

400 1742 521 1799 teretur.
564 1735 663 1801 Lanae
695 1761 721 1801 v.
753 1758 782 1822 g.
823 1735 849 1800 si
880 1735 1070 1820 renduntur,
1106 1749 1225 1802 tantum
1260 1749 1332 1801 sunt

398 1848 570 1934 agricolae,
601 1850 655 1938 qui
686 1850 808 1915 lucrum
839 1848 964 1936 aliquod
995 1849 1189 1932 percipiunt,
1223 1848 1275 1913 sed
1304 1842 1357 1914 si·

399 1961 482 2048 leges
503 1961 628 2045 adsunt,
651 1985 729 2050 quae
750 1983 856 2028 earum
880 1960 1119 2045 exportationem
1140 1960 1329 2048 impediunt,
1431 1996 1433 1999 ·

399 2073 523 2161 opifices
544 2086 663 2140 etcum
684 2077 722 2140 iis
744 2074 834 2139 multi
856 2073 1038 2142 mercenarii
1062 2074 1180 2163 aliique
1202 2074 1261 2167 (uti
1280 2074 1328 2144 illi

398 2191 453 2279 qui
475 2215 592 2279 pannos
611 2192 728 2258 textiles
748 2189 899 2278 colorant)
917 2212 981 2254 non
999 2168 1115 2276 exiguis
1132 2192 1223 2259 etiam
1238 2212 1335 2281 com-⁴

397 2303 497 2369 modis
520 2306 673 2370 fruuntur.
1333 2311 1337 2318 '

440 2415 540 2484 Recte
562 2419 681 2507 itaque,
710 2417 878 2485 secundum
901 2419 1027 2485 illorum
1052 2418 1245 2504 opinionem,
1267 2419 1323 2485 Vir

395 2530 483 2598 Doct.
496 2531 653 2614 Guarrxn,
672 2534 704 2596 in
724 2555 814 2617 opere
831 2530 998 2596 Industrio
1011 2533 1178 2619 francone
1193 2532 1238 2599 IV
1249 2543 1322 2619 part.

397 2645 446 2711 cb.
459 2649 490 2708 3.
506 2643 544 2708 de
562 2643 693 2708 utilitate
713 2644 836 2730 legum,
851 2665 931 2730 quae
950 2646 1188 2730 exportationem
1205 2646 1326 2732 prima-

397 2759 513 2824 riarum
527 2778 630 2823 rerum
644 2757 824 2843 prohibent,
838 2779 947 2844 agens,
957 2756 1048 2824 dicit:
1069 2760 1208 2846 ‹rqu'une
1219 2760 1325 2823 nation

394 2872 530 2961 agricole
548 2872 624 2938 lirre
639 2894 717 2957 pour
726 2886 776 2933 ‘un
788 2867 912 2935 million
932 2869 969 2936 de
992 2871 1088 2934 laines
1102 2871 1121 2932 ir
1137 2892 1199 2934 une
1218 2871 1323 2945 nation

397 2987 670 3067 manufacturiere,
693 2985 825 3050 celle-ci
835 3009 908 3052 areo
925 2987 955 3049 le
970 2994 1059 3074 quart
1075 2983 1114 3050 de
1127 2995 1205 3050 cette
1223 2984 1322 3070 laiue,

397 3101 558 3189 fabriquee
578 3121 617 3165 en
639 3096 759 3183 etoiles,
783 3123 818 3165 ra
841 3122 934 3188 payer
955 3099 986 3164 la
1006 3099 1111 3164 nation
1129 3098 1297 3186 agricole.»

441 3214 552 3280 Nonne
573 3213 739 3281 absurdum
761 3214 856 3297 foret,
881 3215 908 3278 si
928 3213 1033 3300 aliqua
1054 3213 1174 3296 civitas,
1197 3235 1323 3280 merca-
1407 3222 1410 3231 '

394 3340 496 3396 turam
515 3330 607 3397 etiam
624 3351 695 3395 cum
712 3340 897 3395 remotarum
913 3327 1075 3413 regionum
1087 3328 1198 3393 incolis
1215 3350 1323 3415 agens,

396 3443 576 3510 concederet
590 3444 711 3509 civibus
727 3443 901 3509 facultatem
918 3439 1096 3528 exportandi
1111 3443 1234 3533 arbores
1246 3465 1324 3515 cae-

354 3596 360 3605 ·
395 3579 460 3639 aas,
492 3579 510 3621 e
537 3556 650 3643 quibus
678 3578 768 3621 nares
792 3566 1024 3637 construuntur,
1054 3575 1127 3619 oum
1154 3566 1255 3640 postea
1282 3556 1322 3619 ab

388 3670 541 3736 *arborum
562 3669 730 3733 emtoribus
748 3690 839 3734 nares
855 3668 947 3753 plane
965 3668 1125 3732 instructas
1143 3661 1244 3730 e'mere
1261 3665 1321 3730 sint

395 3778 515 3853 coacti?
532 3779 717 3864 Mercedem,
734 3802 827 3869 quam
840 3781 919 3846 fabri
933 3778 1057 3866 lignarii
1067 3790 1244 3845 meruerunt
1257 3799 1320 3842 na-

396 3922 447 3966 res
468 3893 671 3979 aedificando,
693 3895 812 3961 incolae
834 3894 979 3977 civitatis,
1001 3915 1080 3983 quae
1096 3898 1219 3961 arbores
1240 3913 1320 3961 ren-

395 4010 488 4094 didit,
511 4033 627 4079 merere
648 4009 825 4097 potuissent.

438 4124 568 4191 Narium
584 4126 767 4194 constructio
785 4125 953 4191 multorum
963 4122 1126 4190 hominum
1137 4118 1318 4189 industriam
