3120 5180
851 529 891 591 80
1078 520 1085 527 ’

409 720 512 784 toritas
537 716 595 809 (1)
638 718 675 782 Et
707 721 841 804 proiecto
869 721 928 786 boc
963 726 1024 785 bon
1053 718 1156 800 fieret,
1187 718 1247 783 nisi
1274 718 1334 785 sibi

409 833 753 918 persuasumbabereni
777 844 905 921 systema
929 833 1166 919 prohibitorium
1181 842 1210 896 et
1231 832 1333 916 gravia

408 947 564 1032 vectigalia
585 968 686 1011 revera
708 969 819 1034 magna
840 947 1109 1015 damnaattulisse'
1126 955 1158 1010 et
1176 944 1331 1009 erliber-

405 1064 465 1125 tate
486 1062 612 1126 meliora
632 1061 734 1125 omnia
758 1060 919 1147 spectanda
942 1058 1039 1147 esse(
1062 1056 1088 1146 ).
1150 1070 1156 1077 '

436 1240 456 1322 ὃ
480 1245 509 1305 5.
546 1238 596 1303 De
624 1240 782 1304 seruanda
798 1224 938 1326 pecunia
959 1239 1078 1303 liberae
1101 1249 1300 1301 mercaturae

674 1355 838 1440 [autorum
859 1357 1025 1418 sententia.

445 1510 581 1575 Fuerunt
600 1513 690 1579 mutu
707 1515 762 1601 qui
778 1519 919 1599 putarent
932 1513 1021 1576 illam
1038 1493 1190 1578 civitatem
1204 1528 1330 1596 magnas

365 1642 372 1655 ’
402 1623 461 1687 sibi
481 1645 656 1711 comparare
679 1648 766 1712 posse
786 1625 923 1707 divitias,
945 1622 1032 1707 cujus
1058 1625 1137 1690 cives
1158 1645 1194 1700 eo
1218 1644 1330 1709 perve-

402 1738 468 1802 nire
492 1733 667 1824 punierunt,
692 1751 727 1803 ut
749 1761 878 1822 merces,
902 1761 977 1826 quas
1001 1739 1114 1824 patriae
1135 1739 1233 1802 solum
1251 1758 1327 1820 pro-

315 1874 320 1889 *
400 1852 473 1935 fert,
496 1865 653 1940 asportent
666 1865 811 1919 etearum
832 1855 865 1916 in
882 1854 985 1918 locum
1000 1873 1106 1915 aarum
1129 1852 1334 1937 argentumve

295 1980 299 1987 '
400 1965 442 2027 ab
460 1967 568 2029 exteris
594 1967 756 2050 accipiant.
791 1966 873 2030 Haec
895 1966 1018 2030 metalla
1037 1965 1100 2028 sola
1120 1985 1189 2029 vere
1208 1961 1327 2027 divitias

398 2078 581 2143 constituere
611 2077 836 2142 contendebant
863 2088 906 2152 et¹
921 2079 993 2160 sibi¹
1008 2087 1125 2142 certum
1153 2075 1326 2158 habebant,

399 2191 520 2255 nullam
547 2204 669 2277 gentem
691 2191 803 2258 divitiis
823 2193 1005 2257 antecellere
1028 2215 1115 2278 posse
1137 2192 1222 2275 aliis,
1244 2191 1327 2279 apud

398 2324 492 2389 quam
518 2304 624 2389 exigua
649 2314 769 2367 tantum
794 2306 882 2390 copia
907 2304 1019 2368 borum
1041 2306 1237 2371 metallorum
1260 2308 1327 2391 in-
1383 2272 1393 2292 ο

398 2396 573 2481 veniretur·
595 2415 729 2491 Omnem
759 2418 862 2505 itaque
884 2419 954 2483 auri
977 2420 1157 2506 argentique
1181 2430 1324 2507 exporta-

397 2531 512 2595 tionem
533 2528 755 2614 prohibendam
772 2553 835 2595 esse
854 2531 1032 2595 statuebant.
1058 2530 1247 2599 Ratiocinati
1263 2557 1323 2598 au-

398 2652 461 2705 tem
493 2651 562 2704 sunt
591 2641 650 2706 hoc
685 2640 791 2714 modo:
830 2644 855 2707 si
892 2644 984 2708 homo
1019 2645 1151 2730 privatus
1186 2669 1324 2730 omnem,

398 2776 492 2843 quam
514 2752 645 2839 possidet
669 2757 831 2841 pecuniam
857 2768 1009 2842 permutat
1034 2760 1068 2822 in
1087 2778 1216 2840 merces,
1244 2778 1323 2846 quae

398 2871 429 2939 ei
440 2872 627 2938 necessariae
637 2893 700 2934 non
717 2881 804 2954 sunt,
820 2873 921 2935 statim
934 2896 1047 2958 pauper
1061 2873 1111 2954 fit,
1129 2894 1200 2938 oum
1216 2882 1321 2938 contra

397 2985 507 3048 barum
528 2982 865 3050 mercium-venditores
888 2986 1055 3072 locupletes
1079 2987 1161 3052 fiant.
1199 2987 1320 3052 Hanccc

396 3097 584 3183 opinionem·
600 3097 638 3161 ad
663 3099 799 3165 civitates
826 3112 1022 3186 porrexerunt
1051 3113 1080 3165 et
1102 3100 1226 3186 professi
1252 3112 1322 3164 sunt

395 3211 548 3277 civitatem
567 3233 676 3277 aarum
692 3225 912 3302 argentumque
930 3223 1136 3299 exportantem
1154 3214 1246 3279 etiam
1260 3214 1320 3280 cito

425 3414 467 3487 (1)
486 3421 522 3467 Cf.
539 3422 602 3486 Sar,
620 3437 658 3486 op.
675 3418 739 3468 laud.
757 3418 866 3468 Tom.11.
884 3434 939 3484 pag.
957 3420 1014 3467 351.
1038 3428 1061 3469 et
1078 3421 1192 3487 imprimis
1210 3425 1325 3493 specimen

390 3514 443 3563 Viri
463 3512 533 3562 Cons.
552 3514 580 3562 Ρ.
599 3512 700 3578 Bactri,
722 3529 775 3579 pag.
794 3513 829 3561 54
850 3521 874 3559 et
896 3513 937 3561 at.
955 3512 992 3562 Gi.
1010 3513 1053 3563 Vir
1070 3513 1139 3579 Amp.
1157 3527 1209 3563 van
1228 3514 1324 3561 Hoamt·

390 3619 464 3671 noar,
481 3605 616 3676 Bijdrugou
633 3615 678 3655 eto.
696 3606 761 3655 Tam.
781 3605 801 3653 1.
819 3620 873 3670 pag.
892 3604 933 3655 74.
951 3605 1015 3654 Tom.
1028 3604 1071 3654 IV.
1088 3616 1142 3670 pars
1159 3604 1181 3653 1.
1199 3601 1253 3670 p‘ag.
1270 3605 1312 3653 80.

424 3695 464 3767 (2)
482 3698 519 3748 Cf.
531 3698 575 3747 Vir
586 3697 653 3746 Doct.
667 3698 779 3762 Brauon,
797 3699 822 3744 in
838 3698 978 3763 scriptione,
995 3698 1023 3746 da
1039 3695 1107 3746 Vetat
1118 3699 1198 3745 actum
1211 3699 1244 3746 du
1259 3712 1324 3746 com·

389 3809 467 3845 merca
476 3793 518 3843 dea
527 3791 666 3860 diffirmtar
676 3796 788 3852 uuuous,
799 3791 861 3841 daur
871 3805 910 3839 cea
922 3798 1100 3856 rapportsuoec
1108 3790 1206 3840 calcide
1214 3791 1309 3841 Franco
1314 3823 1322 3849 ,

391 3905 461 3955 qnam
472 3888 572 3954 legimus
583 3888 608 3935 in
618 3886 725 3937 Journal
739 3885 780 3933 des
793 3885 924 3962 Garuptioc
939 3883 1118 3931 commerciales
1121 3918 1129 3942 ,
1147 3881 1181 3928 11.
1194 3880 1244 3928 Lis.
1256 3878 1322 3927 Paris

392 3982 465 4029 18³4,
493 3980 530 4030 Gi.
549 3996 587 4045 er,
606 3995 665 4045 quae
683 3975 777 4025 exhibet
794 3976 837 4027 Vir
849 3974 911 4024 Clar.
924 3974 953 4024 G.
965 3974 1174 4038 Wrrruam,iu
1190 3968 1324 4041 trstcbsr'li

390 4089 448 4122 vocs·
462 4073 490 4122 dc
506 4069 793 4141 Nijocrbcid.Tom.11.
818 4078 884 4134 parte
901 4067 945 4118 IV·
972 4067 1055 4132 titulo,
1072 4065 1159 4125 autad
1174 4081 1223 4115 vau
1238 4069 1323 4116 iuooer

391 4182 439 4216 aare
454 4181 547 4233 pram
564 4167 617 4215 niet
632 4165 765 4229 ooordcats’p
781 4177 839 4212 uuor
856 4162 884 4210 dc
901 4159 1086 4211 taudbouweade
1102 4160 1191 4208 blusso.
1236 4153 1238 4157 ’
