3120 5180
261 677 319 735 tar.
340 665 540 736 Contendunt
556 672 606 736 illi
622 673 753 765 liberam
770 675 862 761 plane
881 684 1085 739 mercaturam
1096 692 1193 736 num-

167 782 172 791 '
255 805 354 872 quam
382 784 487 873 aliqua
512 786 546 851 in
571 788 692 877 ciritato
720 798 835 854 exstare
856 809 960 873 posse,
986 808 1058 853 cnm
1087 807 1191 851 rerum

258 909 365 963 natura
386 896 551 985 impediat,
573 899 790 989 quominus'ei
811 921 960 988 nmquam
981 900 1067 966 locus
1091 899 1190 965 detur.

255 1010 439 1079 Gravissima
450 1011 562 1077 damna
580 1014 766 1080 comitentur
783 1014 870 1079 illam
888 1024 952 1077 tam
970 1035 1058 1099 saepe
1076 996 1190 1079 lauda-

254 1135 316 1191 tam
332 1126 520 1212 libertatem,
540 1138 570 1193 et
587 1128 750 1215 prudentia
768 1127 894 1194 suadere
914 1126 1050 1209 videtum
1068 1127 1188 1192 etiamsi
1238 1190 1241 1193 ,

253 1239 451 1325 aequantibus
476 1243 667 1329 temporibus
701 1240 900 1308 commodum
934 1238 1062 1329 aliquod
1091 1240 1188 1304 libera
1282 1258 1286 1267 “

254 1363 424 1419 mercatura
445 1352 563 1422 civibus
583 1355 692 1424 afferre
715 1368 830 1444 posset,
850 1377 1011 1422 nurerum
1034 1353 1107 1420 ordo
1130 1377 1187 1419 suu

253 1461 318 1528 bito
335 1485 457 1550 gravem
476 1468 574 1534 talem·
587 1470 694 1535 subeat
708 1469 918 1547 mutationem.
943 1468 1079 1533 Libertas
1097 1488 1187 1532 rner-

248 1589 375 1647 oaturac
394 1582 552 1649 reserenda
576 1598 624 1651 est
652 1586 732 1652 inter
759 1566 815 1651 ila
844 1582 982 1670 negotia,
1002 1579 1042 1647 de
1071 1580 1185 1669 quibus

249 1692 391 1760 meditari
409 1697 600 1785 philosophis
616 1700 702 1783 licet,
721 1699 774 1766 sed
790 1712 870 1789 qua‘e
888 1719 991 1763 revera
1012 1715 1183 1784 numquam

249 1807 353 1873 locum
374 1810 514 1877 obtinere
536 1823 680 1898 poterunt
701 1810 759 1903 (1).
935 1888 943 1899 ,
1059 1828 1062 1833 “

293 1922 476 1988 Gravissima
497 1926 581 1990 enim
603 1925 796 1994 incommoda
818 1949 853 1991 ex
872 1921 1027 2015 ejusmodi
1042 1923 1183 2013 libertate

248 2032 398 2097 oriuntur.
437 2035 517 2097 Sunt
542 2038 712 2102 nonnullae
744 2062 792 2102 res
819 2058 951 2124 quarum
980 2046 1089 2100 natura
1119 2057 1183 2101 non

248 2143 320 2207 sinit
348 2166 397 2209 eas
426 2131 523 2210 libere
544 2146 702 2232 importari
730 2158 783 2211 aut
810 2148 960 2232 exportari
987 2156 1017 2212 et
1049 2168 1180 2235 quarum
1282 2216 1284 2224 Α

244 2260 467 2324 commercium
499 2258 646 2345 Princeps
675 2259 781 2347 aequis
810 2259 930 2346 legibus
961 2259 1070 2326 merito
1101 2283 1181 2347 pro-

244 2370 338 2437 hibet.
361 2371 471 2438 libera
482 2371 576 2458 plane
592 2371 617 2434 si
630 2370 847 2436 concederetur
859 2381 1029 2436 mercatura
1044 2372 1180 2452 civibus,

242 2485 338 2549 simul
357 2485 395 2549 iis
414 2483 538 2550 daretur
560 2483 701 2566 licentia,
721 2505 808 2549 arma
828 2507 855 2548 r.
883 2506 912 2570 g.
939 2494 1076 2571 tempore
1099 2484 1176 2551 belli

243 2595 382 2663 hostibus
401 2595 630 2685 suppeditandi,
647 2597 759 2685 quibus
776 2573 985 2683 nosmetipsos
998 2607 1100 2684 postca
1112 2620 1175 2685 ag·
1272 2650 1274 2663 ,

241 2710 435 2800 gredientur,
457 2733 530 2776 nam
551 2733 638 2777 amor
659 2710 790 2797 patriae,
812 2707 906 2775 eheu!
929 2732 967 2776 eo
988 2711 1089 2777 talete
1110 2734 1174 2777 non

241 2849 327 2913 posse
349 2825 483 2909 videtur,
514 2835 548 2891 ut
567 2822 650 2912 apud
671 2845 778 2889 omnes
803 2823 885 2889 cives
908 2821 1084 2891 indistincte
1110 2846 1174 2895 eu-

241 2939 407 3027 piditatom.
419 2941 500 3013 lucri
520 2940 677 3026 suprimat
712 2938 878 3004 Armorum
896 2939 986 3026 copia
1002 2936 1171 3022 diminuta,

236 3053 345 3118 ciritae
364 3053 430 3137 jam
451 3054 485 3117 in
510 3051 643 3117 deterius
660 3052 734 3117 abit
766 3053 824 3116 Illa
847 3064 912 3115 tam
936 3074 1025 3140 saepe
1047 3053 1170 3120 laudata

240 3156 365 3228 libertas
386 3158 534 3244 efficeret,
564 3159 647 3250 quod
671 3162 932 3229 ciritossummas
955 3165 989 3227 in
1014 3166 1168 3250 angustias

236 3271 448 3341 adduceretur.
598 3263 600 3266 Α
909 3334 913 3338 ,

284 3384 509 3455 commercium
538 3409 707 3471 serrorum,
737 3388 790 3453 cui
815 3385 952 3453 tollendo
980 3398 1024 3454 tot
1050 3392 1166 3477 egregii

237 3501 294 3567 riri
317 3524 423 3588 operas
450 3500 614 3570 indefessas
638 3500 854 3590 impenderunt
881 3512 912 3568 et
933 3501 1017 3592 quod
1038 3487 1163 3574 tandem

231 3648 457 3663 m

261 3743 300 3815 (θ)
311 3747 498 3813 cultuum,
507 3748 608 3814 inopere
617 3744 681 3796 laud.
690 3763 744 3814 pig.
753 3747 799 3809 43,
807 3747 849 3813 qui
857 3743 928 3796 dicit:
938 3746 1166 3815 Hordelrfrrpltrie,

144 3846 151 3857 “
228 3843 256 3890 rit
271 3843 503 3908 eiamollpmeina
514 3841 594 3891 Siurre
607 3854 764 3907 percontarer,
780 3843 865 3890 meir
879 3838 987 3906 llnding,
1004 3857 1032 3890 ro
1047 3845 1095 3892 wie
1110 3846 1165 3894 siclt

228 3935 256 3982 ἐκ
267 3933 363 3984 kaim
372 3936 519 3985 mounes
527 3933 623 3994 Laride,
632 3936 700 3983 odor
714 3931 861 4000 Vrrfaraunp
869 3949 912 3999 roy
916 3970 925 3995 ‚
936 3934 1026 3982 valebo
1035 3936 1073 3984 rio
1083 3938 1164 3999 welle,

228 4024 305 4075 order
320 4026 363 4076 der
378 4027 530 4093 Beroeam
547 4024 657 4076 rnatu
669 4028 724 4075 eine
739 4027 871 4091 quantulis
888 4023 1100 4090 vaporantes
1113 4031 1166 4079 und

229 4116 431 4184 &aaronem
445 4120 492 4168 nit
506 4117 561 4167 deur
577 4119 693 4183 perrtltpr
710 4116 837 4168 zoora·
854 4119 969 4183 emet.

982 4214 1002 4274 3
