3120 5180
805 481 845 544 72

366 675 636 758 contrahebantur,
660 676 711 742 sed
736 679 865 744 simulac
887 679 1011 743 libertas
1027 687 1214 742 mercaturae
1237 697 1316 743 rea.

366 789 467 853 stricta
482 790 590 872 luerit,
603 792 789 876 permultum
807 803 976 858 mercatura
989 791 1043 856 illa
1053 789 1287 854 fuitdiminuta
1328 798 1329 803 ’

410 902 450 969 V
445 904 637 968 rotirlnoioe
655 890 757 969 omnia
778 906 907 991 collegia
920 904 1066 992 opificum
1082 915 1152 968 sunt
1166 905 1298 967 sublata,

367 1014 489 1094 Quanta
526 1018 586 1081 sint
615 1017 774 1082 commoda
806 1016 878 1083 inde
908 1030 972 1082 orta
1000 1017 1202 1083 ostenderunt·⁴
1227 1016 1294 1083 Viri

364 1128 469 1211 Docti,
499 1129 564 1212 ejus
593 1130 678 1194 urhis
705 1131 824 1196 incolae
847 1130 912 1221 (1),
942 1154 1013 1196 nam
1036 1142 1197 1218 postquam
1219 1130 1298 1195 haec
1322 1110 1340 1185 s

365 1242 495 1331 collegia
514 1244 632 1307 sublata
653 1255 753 1326 erant,
774 1247 862 1331 copia
874 1247 1031 1345 ‘mercium
1049 1255 1297 1326 ancta,‹merca-

364 1367 431 1419 tura
458 1357 554 1442 magis
580 1344 701 1423 extensa
730 1369 760 1422 et
781 1360 910 1446 qualitas
931 1359 1082 1426 mercium
1103 1350 1211 1444 magis
1223 1350 1299 1420 ma-

259 1550 262 1560 ,
366 1470 474 1558 gisque
497 1469 656 1536 emendata
680 1476 743 1537 esse
766 1466 888 1538 dicitur.

363 1651 384 1734 ἕ
400 1657 432 1715 5.
461 1647 594 1716 Recedit
607 1648 735 1753 Applia
751 1656 827 1740 ipro
845 1677 865 1717 o
882 1665 1054 1751 systemate
1072 1604 1297 1740 prohibitorio.

409 1809 505 1896 Saepo
531 1811 673 1876 homines
686 1810 818 1899 aliquid
847 1812 1038 1877 considerant
1062 1821 1220 1897 tamquam
1242 1807 1297 1872 ef-

362 1923 477 2000 lectum
504 1935 534 1989 et
566 1900 720 2011 sequelam
746 1926 875 2007 alicujus
894 1926 962 2006 rei,
996 1944 1075 2011 quae
1097 1945 1206 1987 reramv
1220 1940 1296 1988 oum

360 2035 419 2099 illo
442 2036 522 2100 nihil
546 2058 709 2103 commune
731 2038 842 2120 habet,
864 2039 923 2102 nisi
943 2049 1064 2124 tempus
1086 2033 1148 2125 quo
1169 2033 1296 2099 utrum-

369 2170 430 2236 que
450 2147 562 2214 aderat.
606 2151 658 2216 Sic
681 2174 747 2216 rem
767 2152 903 2238 aliquam
928 2152 1084 2217 celebrant
1111 2151 1152 2214 ob
1177 2150 1297 2213 saluta-

365 2283 412 2325 res
438 2258 581 2344 effectus,
604 2285 681 2349 quos
707 2264 809 2326 sortita
839 2273 899 2345 est,
923 2285 996 2327 cum
1024 2274 1126 2329 tamen
1151 2287 1168 2328 e
1195 2263 1298 2348 longis

363 2373 433 2438 aliis
446 2374 572 2457 vcausis,
594 2397 701 2439 eorum
720 2374 809 2462 origo
837 2375 999 2462 repetenda
1025 2377 1073 2440 sit.
1108 2373 1294 2459 Hujusmodi

364 2487 440 2577 quid
469 2490 573 2556 locum
608 2489 745 2555 obtinere
773 2490 962 2555 contendunt
990 2488 1184 2577 prohibitorii
1222 2484 1319 2578 syr·-¹

364 2603 484 2667 tematis
510 2601 794 2684 adversarii,·cum
823 2604 982 2690 scriptores
1009 2604 1189 2691 profitentur
1212 2605 1295 2691 leges

363 2715 579 2801 prohibitorias
613 2716 776 2803 graviaque
806 2717 982 2804 vectigalia,
1012 2741 1090 2805 quae
1121 2718 1155 2780 in
1182 2717 1295 2801 singlis

362 2829 560 2916 erigebantur
583 2853 601 2894 a
625 2830 778 2913 mercibus
801 2829 834 2890 in
860 2830 929 2891 aliis
949 2829 1125 2912 regionibns
1148 2827 1297 2891 conlectis

363 2953 394 3007 et
416 2964 496 3030 quae
515 2942 560 3005 ibi
584 2941 844 3025 importabantur,
867 2949 1055 3005 mercaturae
1075 2939 1206 3026 Angliae
1229 2938 1295 3005 flo-

361 3075 427 3119 rem
448 3051 584 3119 effecisse
607 3052 620 3143 (
642 3049 664 3141 ).
716 3080 718 3089 ¹
1166 3050 1169 3057 ⁴

404 3167 521 3234 Verum
541 3152 669 3255 quidem
699 3178 759 3250 est,
782 3167 867 3256 quod
892 3180 922 3233 et
942 3191 1033 3234 nemo
1058 3169 1198 3257 negabit,
1221 3170 1294 3234 An-

360 3280 456 3368 gliam
476 3304 512 3347 eo
534 3291 671 3371 tempore
692 3304 835 3369 magnam
862 3283 957 3369 egisse
983 3268 1292 3373 mercaturam,quo

359 3394 540 3478 hujusmodi
561 3398 643 3482 leges
663 3397 825 3483 rigebant,
848 3396 921 3463 iude
940 3408 1044 3464 tamen
1063 3401 1192 3464 minime
1212 3410 1296 3484 patet

389 3543 427 3614 (t)
445 3545 500 3596 Viri.
519 3547 542 3597 J.
553 3547 585 3605 ll.
597 3546 688 3611 Erras,
709 3548 769 3596 Uber
783 3522 902 3597 Gowerbc
911 3550 963 3596 aad
977 3533 1210 3614 oenotsfreyoeo(
1221 3546 1296 3596 Bresl.

356 3632 432 3688 1825.
449 3646 505 3705 pag.
524 3639 549 3687 8.
575 3634 611 3687 Cf.
630 3637 682 3686 Vir.
700 3635 771 3703 Amp.
790 3638 820 3686 G.
838 3637 870 3686 K.
888 3651 939 3686 ran
958 3638 1116 3703 Honorinum,
1141 3636 1222 3707 odoa‘y'r
1243 3653 1301 3688 ocor

354 3732 383 3780 de
401 3732 588 3795 verbnndolioq,
607 3745 662 3777 over
680 3728 709 3776 do
729 3731 850 3778 oorznlren
867 3747 916 3779 van
935 3733 976 3780 bot
991 3732 1075 3778 vorool
1092 3728 1133 3779 dos
1150 3726 1250 3779 bordeto
1266 3745 1297 3777 on

355 3824 383 3871 do
393 3816 518 3874 ‘ariddelon
532 3830 570 3872 tot
580 3823 670 3870 borstel
685 3818 717 3885 of
725 3810 872 3888 oitlreidinq
883 3839 932 3871 van
944 3822 1088 3886 donzcloeo,
1107 3839 1162 3888 pag.
1175 3823 1216 3870 3⁰.
1234 3815 1297 3885 quoti

277 3942 279 3945 v
354 3910 470 3976 iudicium
488 3912 543 3962 ruri
560 3913 614 3962 viri
631 3911 693 3962 Clar.
710 3912 741 3961 Η.
758 3912 799 3962 W.
816 3914 933 3963 Trorttan
950 3912 1039 3962 editum
1056 3923 1100 3964 est.
1118 3912 1183 3961 Harl.
1203 3913 1279 3958 1828.

328 4026 330 4031 κ
391 4001 430 4071 (a)
446 3992 546 4055 rr'vrr
564 4004 630 4055 noe.
647 4005 744 4070 rarsi,
766 4006 792 4054 in
814 4022 883 4072 opere
907 4000 1298 4068 numerosissimarum.

357 4097 423 4145 Tam.
441 4095 462 4144 1.
481 4088 578 4163 pagcl.
657 4084 660 4093 ¹
916 4106 919 4112 '
1139 4110 1142 4117 “
1377 4082 1381 4093 ’
