3120 5180
796 460 842 546 ec

358 685 485 756 cuntur,
507 694 622 738 mercer
640 695 708 739 suas
725 673 881 762 indigenis
894 652 1014 737 tantum
1028 669 1138 736 efferre
1154 681 1185 736 et
1204 679 1293 735 rena·

357 789 429 855 dere
452 811 554 875 posse,
578 806 651 853 nam
672 800 779 876 putare
801 812 852 856 eas
872 809 1010 876 anquam
1028 786 1177 873 exportari
1198 806 1290 871 posse

357 914 401 968 est
427 901 602 967 absurdum.
643 901 707 967 Alii
735 903 819 969 enim
844 902 956 969 adsunt
980 903 1105 990 papuli,
1133 901 1188 989 qni
1214 922 1287 965 eas-

356 1014 428 1080 dem
449 1037 565 1082 merces
585 1018 683 1102 pretio
705 1017 824 1095 minere
846 1012 979 1082 offerunt
999 1027 1029 1082 et
1054 1016 1109 1080 ubi
1129 1015 1194 1078 illis
1215 1014 1288 1079 licet
1316 996 1319 1007 ’

356 1129 426 1194 illas
449 1127 596 1212 rendere,
618 1130 664 1192 ibi
686 1152 736 1195 eas
755 1153 812 1195 uos
836 1152 901 1196 ncn
920 1128 1101 1211 vendemus,
1124 1127 1197 1215 quia
1218 1135 1288 1190 suat

357 1222 497 1309 cariores'.
538 1244 622 1306 Intra
651 1243 765 1309 limites
795 1245 899 1334 itaque
925 1243 1042 1330 patriae
1075 1262 1182 1306 emaes
1215 1240 1293 1304 illae

356 1356 529 1449 retinentur
555 1378 687 1441 merces,
712 1352 796 1445 qued
824 1357 932 1440 efficit,
955 1367 991 1420 ut
1016 1377 1169 1442 perpauca
1202 1375 1297 1439 saepe

358 1469 480 1556 opificia
501 1470 653 1555 ejusmodi
673 1473 812 1538 omnium
832 1472 946 1539 civium
976 1469 1207 1537 necessitatibus
1235 1490 1290 1532 sa-

360 1583 503 1647 tisfacere
522 1583 613 1650 facile
636 1584 783 1675 queant(
806 1582 828 1674 ).
894 1574 899 1583 ’

409 1765 480 1848 §d
515 1761 657 1829 Nullum
680 1767 824 1855 amplius
843 1778 947 1832 restat
968 1768 1235 1838 incitamentum,
1282 1850 1284 1857 Α

536 1891 661 1944 remota
681 1881 897 1944 aemulatione
916 1862 1115 1965 populoniae.

403 2039 500 2123 Saepe
516 2038 712 2102 ebserratum
736 2047 796 2119 est,
819 2037 857 2101 in
874 2048 1007 2102 extrema
1028 2034 1205 2100 necessitate
1226 2032 1291 2098 hc·

361 2152 462 2217 mines
486 2149 606 2239 aliquid
632 2150 839 2233 committere,
862 2148 945 2238 quad
968 2169 1108 2237 unquam
1137 2171 1169 2213 se
1197 2144 1293 2212 effec-

360 2278 444 2330 turos
465 2287 529 2329 esse
546 2273 634 2328 antea
653 2261 893 2350 desperaverant.
918 2263 1006 2329 Vires
1024 2262 1169 2348 physicae
1185 2261 1292 2347 augeri

359 2375 516 2458 ridentur,
540 2377 700 2464 ingenium
723 2377 894 2442 humanum
919 2376 1040 2443 acuitur
1059 2386 1090 2441 et
1111 2375 1227 2461 optima
1249 2374 1293 2440 sie
1391 2369 1397 2385 '

361 2492 406 2556 ibi
441 2490 640 2555 inveniuntur
668 2489 802 2556 remedia
830 2501 860 2556 et
886 2489 1087 2573 adhibentur,
1114 2488 1172 2555 uhi
1197 2499 1292 2552 ,autea

361 2605 448 2669 nulla
461 2603 566 2669 edesse
581 2604 794 2693 unusquisque
807 2606 942 2691 putabat.
967 2604 1114 2689 Historia,
1136 2626 1183 2668 res
1197 2613 1295 2690 gestas

361 2738 491 2781 narrans
512 2716 648 2780 virorum
672 2717 922 2800 fortissimorum,
946 2719 1084 2804 exempla
1110 2741 1173 2782 rrcn
1197 2738 1295 2803 pauca

361 2829 489 2916 profert,
508 2851 588 2917 quae
604 2829 768 2894 ostendunt
786 2830 848 2891 rim
866 2850 1027 2915 magnam,
1051 2848 1144 2917 quam
1162 2839 1294 2893 extrema

284 2970 286 2975 ’
361 2945 523 3013 necessitas
544 2945 577 3005 in
596 2943 714 3004 animos
736 2940 912 3003 mortalium
933 2951 1059 3007 exercet.
1086 2941 1168 3007 Belli
1183 2939 1293 3027 duces,

359 3077 495 3121 summas
515 3056 550 3119 in
570 3055 723 3141 angustias
747 3052 878 3137 redacti,
902 3078 990 3141 saepe
1010 3057 1167 3125 victoriam
1184 3078 1295 3141 reper-

360 3179 500 3235 tarerunt
527 3179 558 3234 et
586 3168 686 3232 hester
713 3167 910 3254 fugaverunt,
938 3170 1070 3256 qnorum
1096 3170 1175 3235 vires
1203 3170 1296 3254 ien'ge

361 3287 487 3351 alterius
507 3284 602 3373 partis
623 3284 702 3349 vires
725 3285 915 3370 superabant.
948 3280 1083 3349 Audacia
1103 3293 1133 3348 et
1149 3281 1294 3346 fortitudo

391 3455 431 3524 (1)
450 3458 488 3507 Cf.
508 3458 599 3505 nauem
612 3474 651 3522 ep.
670 3451 735 3503 land.
751 3470 807 3520 pag.
824 3453 876 3501 264
886 3461 912 3499 et
929 3468 1011 3518 seqq,
1028 3453 1071 3518 qni
1085 3452 1155 3517 plura
1169 3451 1245 3500 affert
1256 3468 1299 3499 ex-

358 3549 434 3615 empla
450 3546 480 3596 ad
497 3547 679 3597 confirmandam
699 3547 759 3596 hene
775 3547 930 3610 sententiam
952 3556 975 3594 et
986 3534 1024 3593 11.
1046 3545 1167 3594 umam
1183 3549 1212 3596 a'u
1231 3560 1298 3611 opere

358 3641 447 3694 Polirik
457 3639 498 3690 des
509 3640 624 3691 Handels.
647 3642 775 3706 Gottingen
789 3641 863 3689 1831.
880 3655 934 3705 pag.
954 3640 1011 3689 179.
1030 3636 1157 3687 Contendit
1168 3638 1211 3688 vir
1228 3637 1297 3700 Amp.

359 3746 411 3785 rau
430 3733 575 3787 flectemur
588 3734 617 3782 in
632 3733 767 3802 Be‘q'dreqea
780 3740 825 3778 etc·
844 3730 944 3781 roae
960 3746 1015 3796 pag.
1025 3731 1062 3778 76
1080 3732 1161 3796 gravia
1176 3726 1298 3793 uectigalia

266 3893 268 3899 Α
360 3845 408 3878 non
421 3827 541 3894 sufficere,
557 3837 584 3876 ut
597 3825 691 3892 aliquod
703 3823 841 3891 praebeatur
853 3823 967 3873 auxilinm
982 3822 1114 3888 opificibus.
1132 3822 1187 3873 vid.
1200 3837 1228 3869 ea
1237 3834 1298 3884 qnae

359 3918 403 3968 hae
417 3920 446 3969 de
461 3921 531 3970 read
546 3923 633 3986 Regem
649 3916 786 3968 Hellandiee
801 3916 943 3967 ludovicum
960 3918 1105 3983 seripserunt
1121 3917 1174 3967 Viri
1189 3912 1256 3962 neec
1272 3911 1296 3960 7.

360 4011 390 4062 Η.
408 4012 533 4063 luiterus
551 4022 575 4060 et
593 4013 621 4063 P.
639 4024 690 4095 prr
708 4024 754 4060 nra
772 4011 848 4060 Hm.
875 4010 993 4076 tegentur
1011 4010 1037 4057 in
1055 4008 1170 4078 Rutaque
1182 4002 1217 4053 ad
1237 4019 1297 4070 opas

362 4100 426 4152 laud.
441 4103 506 4155 Tem.
518 4105 538 4153 1.
558 4121 613 4171 pag.
629 4107 688 4155 287.
704 4112 727 4151 et
742 4105 807 4153 Tem.
827 4103 861 4153 11.
875 4119 928 4168 pag.
951 4102 998 4152 157
1016 4116 1082 4179 seqq.
