3120 5180
836 523 878 618 er

396 710 529 776 stituant
561 710 729 799 Imperator
754 713 930 802 Napobon,
961 736 1032 780 cum
1052 712 1222 801 Anglorum
1248 714 1319 780 odio

394 845 486 889 omne
513 825 675 911 prohibere
704 826 795 894 vellet
826 828 1046 897 commercium
1075 829 1155 893 inter
1185 825 1321 892 subditos

395 936 552 1027 sociosque
572 961 641 1003 suos
661 951 691 1005 et
706 939 820 1027 Anglos
840 954 871 1006 et
887 941 957 1007 ideo
971 952 1114 1029 systema,
1132 938 1214 1029 quod
1226 941 1318 1026 vulgo

393 1046 506 1114 dicitur
521 1055 747 1149 eoactinentole,
766 1055 989 1139 introduceret,
1013 1078 1077 1120 non
1098 1056 1199 1119 omnia
1216 1065 1319 1118 umen

392 1162 516 1230 vincula
530 1165 609 1230 inter
618 1163 749 1252 begins,
768 1180 798 1234 et
819 1171 948 1256 populos
965 1167 1149 1235 continentis
1164 1188 1316 1253 rumpere,

393 1297 451 1342 nee
481 1298 587 1341 omnes
612 1279 675 1343 rias
704 1279 846 1346 claudere
876 1282 975 1368 potuit
1002 1276 1060 1370 (t.)
1101 1277 1219 1344 Fraude
1246 1289 1320 1344 tunc

392 1387 635 1475 importabantur
663 1412 779 1460 merces
811 1394 983 1481 prohibitae
1009 1405 1040 1458 et
1066 1392 1193 1458 historia
1227 1392 1321 1476 hujus

391 1503 559 1589 systematis
581 1501 690 1571 docere
712 1503 845 1589 ridetur,
869 1507 931 1572 rim
955 1507 1061 1592 legum
1081 1506 1179 1572 ferme
1201 1505 1320 1569 nullam

391 1637 470 1698 esse,
501 1617 624 1705 quando
651 1619 812 1684 commoda
838 1619 970 1685 maxima
1001 1620 1144 1701 illorum,
1173 1619 1229 1707 qui
1259 1618 1321 1683 illis

393 1729 513 1815 legibus
527 1730 733 1799 obedientiam
752 1745 902 1821 praestare
918 1732 1047 1816 debent,
1063 1733 1236 1820 gravissime
1251 1733 1321 1796 lae-

350 1833 370 1867 *
391 1840 521 1909 duntur:
547 1842 636 1911 docet
664 1845 769 1913 eadem
791 1870 904 1935 poenas
926 1870 1014 1932 saepe
1036 1867 1156 1931 graves,
1183 1866 1262 1932 quae
1285 1845 1320 1908 in

391 1955 571 2040 hujusmodi
590 1959 693 2043 legum
711 1960 906 2025 violationem
925 1960 1054 2045 scriptae
1069 1967 1154 2039 sunt,
1174 1979 1238 2021 non
1256 1957 1321 2020 ab·

334 2129 342 2149 ,
390 2078 517 2135 sterrere
545 2070 695 2136 homines.
729 2072 832 2136 Latius
854 2083 974 2137 enarrat
997 2072 1061 2135 Sar
1087 2069 1229 2154 mudum,
1259 2093 1321 2158 quo

393 2184 451 2248 sub
471 2184 621 2270 regimine
644 2184 842 2273 Napoleontis
869 2174 1039 2273 es'Anglia
1066 2187 1265 2252 mittebantur
1291 2197 1321 2250 et

394 2298 428 2362 in
450 2297 611 2364 Franciam
633 2299 875 2385 importabantur
899 2321 1014 2365 merces
1035 2299 1216 2386 prohibitae.
1247 2300 1319 2364 lm·-

393 2412 593 2498 portabantur
614 2424 711 2497 certe,
735 2414 806 2480 licet
829 2436 883 2500 per
904 2396 1119 2500 longissimum
1141 2413 1198 2479 iter
1222 2410 1280 2503 (2)

438 2525 517 2590 Male
545 2525 637 2590 etiam
662 2525 803 2609 judicare
832 2526 903 2590 illos
928 2527 981 2613 qui
1003 2536 1110 2612 putant
1131 2526 1218 2591 illam
1242 2549 1322 2613 gen-

394 2645 455 2703 tem
480 2638 560 2702 fame
583 2639 750 2724 perituram
777 2662 857 2722 esse,
886 2661 966 2727 quae
993 2639 1116 2706 adversa
1146 2651 1321 2728 tempestate

425 2851 467 2925 (1)
485 2853 563 2929 ῦῌο
579 2855 620 2905 illo
634 2864 760 2923 systemate
776 2857 893 2921 specimen
908 2853 1039 2904 luridieum
1055 2854 1190 2920 inaugurale
1202 2854 1254 2903 Viri
1265 2854 1326 2902 Con·

389 2948 447 2999 snit.
461 2958 486 2997 ct
500 2948 609 2998 Amiciss.
627 2948 656 2996 1),
671 2948 701 2996 ii.
718 2960 769 2997 vsa
782 2948 878 2995 (itam
892 2960 923 2994 ur
935 2946 1083 3012 Neutrum,
1099 2947 1124 2994 in
1139 2961 1185 3011 quo
1196 2953 1326 2993 tractantur

388 3041 467 3089 auiae
481 3041 628 3106 quaestiones
644 3037 673 3087 da
686 3048 815 3088 mercatura
831 3049 856 3087 et
874 3039 1022 3104 navigatione
1036 3040 1140 3104 gentium
1158 3035 1258 3087 inbelle
1275 3053 1325 3086 me-

390 3131 491 3181 diarum.
509 3132 585 3181 Amst.
605 3133 681 3181 1834.
698 3148 753 3198 pag.
767 3132 801 3180 69
819 3141 843 3179 et
858 3148 924 3197 seqq.
947 3132 1067 3197 specimen
1083 3130 1328 3183 historico-Politieum

390 3225 443 3275 Viri
461 3224 532 3274 Cons.
548 3226 576 3274 P.
594 3222 701 3289 beasti,
718 3240 773 3291 pag.
790 3225 832 3273 36.
1354 3220 1357 3225 ’

425 3314 467 3384 (2)
489 3316 614 3366 oPendant
633 3316 654 3365 le
674 3319 745 3383 regna
762 3315 791 3364 de
809 3316 938 3382 Bonaparte
955 3331 985 3364 on
1005 3314 1123 3382 exptdiait
1138 3318 1152 3364 i
1167 3315 1268 3366 londres
1287 3316 1328 3367 des

392 3408 530 3459 abstinens
546 3410 641 3476 charges
657 3408 685 3458 de
700 3426 777 3474 sucre,
798 3406 827 3457 de
845 3409 910 3474 cate,
928 3406 957 3456 de
973 3406 1054 3475 tabae,
1072 3406 1101 3456 de
1115 3418 1184 3458 eoton
1199 3410 1253 3476 fila,
1270 3427 1329 3477 pour

394 3500 557 3569 «Silenique,
567 3500 623 3551 d’oai
635 3520 671 3551 ces
685 3500 855 3551 marchandises
866 3503 954 3550 etaient
967 3503 1058 3568 parties
1073 3518 1115 3550 sur
1130 3499 1171 3551 des
1184 3502 1286 3552 cbevaru
1299 3519 1330 3552 ou

392 3593 457 3645 edes
473 3595 571 3661 malem,
589 3599 602 3644 i
620 3604 708 3644 trarers
726 3595 750 3643 la
768 3595 847 3643 Servio
866 3602 890 3641 et
907 3593 929 3642 la
946 3594 1064 3660 llongrie,
1085 3592 1144 3642 dans
1160 3603 1225 3642 toute
1242 3593 1328 3643 l’tttle-

395 3706 514 3757 «angue,
531 3699 555 3737 et
567 3690 641 3738 meme
653 3705 681 3736 en
694 3690 797 3753 Franeey
814 3686 844 3735 de
861 3696 923 3736 sorte
941 3688 1030 3754 qn'une
1045 3684 1204 3736 marchandiss
1219 3703 1264 3753 qne
1279 3686 1327 3735 l’on

397 3783 570 3833 ‹toonsommait
583 3779 728 3848 quelquatois
742 3780 855 3846 tGalais,
874 3782 952 3830 venait
966 3777 1145 3846 d'Angleterre,
1162 3781 1246 3847 quien
1262 3787 1299 3827 est
1315 3781 1329 3827 t

397 3893 410 3920 a
417 3884 470 3943 sept
480 3875 568 3943 boues,
582 3877 649 3941 apres
666 3875 732 3922 avoir
748 3873 793 3921 fait
802 3889 834 3921 un
845 3850 944 3939 detour,
957 3873 999 3940 qni
1009 3872 1137 3939 equivalait
1151 3889 1210 3940 pour
1222 3871 1256 3919 les
1272 3870 1328 3919 irais

395 3969 476 4015 etun
488 3983 576 4036 voyage
589 3964 619 4015 de
632 3963 694 4013 deux
705 3966 750 4014 tois
762 3964 784 4014 le
802 3974 856 4013 tour
869 3963 898 4014 de
913 3964 936 4013 la
951 3974 1045 4014 terre.»
1068 3966 1132 4030 Sar,
1151 3966 1228 4014 Coros
1237 3960 1328 4013 θάσσει.

389 4059 462 4123 pottt.
477 4058 511 4108 11.
531 4076 558 4125 p.
579 4060 642 4124 842,
660 4061 686 4108 in
702 4067 768 4107 nota.
791 4058 829 4108 Gt.
845 4059 888 4108 Vir
908 4056 987 4123 Ampl.
1007 4059 1036 4106 G.
1059 4058 1091 4107 s.
1105 4069 1156 4106 vas
1172 4055 1331 4118 Hearssoar,

393 4150 488 4201 Μίνω
501 4167 545 4201 aar
557 4153 582 4202 ta
595 4149 733 4218 praeparat
747 4152 871 4217 pesque.
886 4149 962 4199 Amet.
977 4151 1053 4201 1830.
1070 4149 1135 4200 Ton.
1151 4147 1173 4199 1.
1190 4164 1245 4215 pag.
1264 4149 1291 4201 8.
