3120 5180
693 488 731 551 81

565 581 606 658 Ι

248 694 411 759 pauperem
431 674 507 743 fieri.
539 676 599 744 Sed
624 680 730 743 minus
750 690 832 744 recte
852 678 902 745 ilii
922 664 987 744 rein
1007 666 1173 751 intellexe-

247 798 319 849 runt
337 786 395 876 (1).
424 789 523 863 Homo
543 792 598 857 ille
612 786 751 878 »priuatus
771 792 901 859 minime
918 814 1031 877 pauper
1048 791 1084 855 fit
1100 812 1173 857 em-

246 900 325 965 endo
350 918 466 968 merces
486 918 542 989 pr'o
563 906 710 991 pecunia,
739 906 803 970 imo
824 905 855 968 si
882 925 997 968 meroes
1023 901 1174 985 majorem

247 1013 363 1085 hebent
397 1017 530 1082 valorem
561 1041 655 1107 quam
672 1018 839 1106 pecunia,
877 1015 969 1080 ditior
998 1016 1096 1081 factus
1130 1024 1176 1079 est

245 1122 384 1188 emendo.
426 1128 555 1205 Juvenes
583 1128 721 1217 prodigi,
754 1131 782 1194 si
812 1148 922 1216 magna
954 1127 1085 1215 pecunia
1114 1126 1178 1197 sibi

245 1247 353 1300 emunt
373 1256 505 1322 merces,
528 1260 665 1329 quarum*
677 1245 792 1317 utiliter
811 1255 855 1309 est
872 1244 993 1330 exigua,
1016 1251 1070 1306 aut
1087 1262 1173 1331 quo·-

245 1344 319 1413 tidie
334 1350 621 1434 magnis‚sumtihus
639 1357 817 1443 epulantur,
836 1379 939 1421 revera
950 1353 1175 1442 patrimonium

245 1460 429 1546 aequititum
455 1461 652 1551 dissipentet
674 1471 708 1539 in
730 1480 939 1555 paupertatem
960 1491 991 1534 ee
1012 1466 1172 1553 redigunt,
1265 1448 1271 1463 ⁸

244 1570 295 1638 sed
319 1572 391 1638 inde
411 1574 643 1664 minimepatet
668 1581 755 1644 illam
778 1581 946 1661 civitatem,
980 1576 1071 1661 cujus
1094 1570 1174 1645 cives

242 1705 358 1750 merces
392 1686 559 1773 important
587 1701 617 1756 et
642 1694 805 1778 pecuniam
834 1701 1025 1758 numeratam
1049 1700 1175 1776 erogant

243 1797 406 1865 iubarum
425 1802 577 1868 mercium
598 1805 797 1891 solutionem,
820 1804 890 1872 ideo
910 1825 1076 1893 pauperem
1096 1802 1173 1869 fieri.

242 1909 388 1993 Magnum
414 1913 497 1975 enirn
522 1915 603 1981 inter
630 1918 794 2006 prodigum
819 1930 850 1985 et
873 1928 1089 2000 mercatorem,
1118 1916 1176 2005 qui

244 2023 422 2108 pecuniam,
453 2046 547 2112 quam
570 2030 718 2112 possidet,
747 2044 897 2116 exportat,
921 2030 1082 2098 intercedit
1103 2028 1176 2095 dio-

243 2136 371 2202 crimen.
407 2136 466 2202 Ille
494 2139 673 2239 multocies
692 2143 767 2207 emit
789 2162 900 2228 magna
919 2143 1067 2228 pecunia,
1090 2162 1176 2230 qua-⁴

243 2271 313 2315 rum
341 2248 424 2323 valor
451 2263 495 2316 est
524 2253 648 2340 exiguus
674 2265 706 2319 et
738 2276 816 2342 quae
837 2254 958 2319 nullam
985 2255 1015 2321 ei
1041 2251 1175 2320 offerunt

245 2361 418 2428 utilitatem.
449 2362 508 2429 Hie
530 2385 601 2429 vero
618 2364 693 2428 alias
715 2366 775 2429 sihi
795 2365 877 2429 mitti
897 2376 983 2431 curet
1004 2386 1120 2431 meroes
1138 2366 1176 2430 in

244 2475 348 2540 locum
374 2475 524 2560 pecuniae
551 2498 642 2559 suae,
672 2499 751 2567 quae
784 2479 811 2543 si
836 2490 990 2562 veneunt,
1022 2478 1173 2563 majorem

243 2608 331 2672 saepe
358 2586 503 2652 exhibent
529 2599 655 2672 sortem,
683 2611 777 2677 quam
803 2612 855 2673 ea,
881 2612 975 2679 quam
1005 2590 1038 2654 in
1066 2611 1174 2659 earum
1234 2673 1236 2677 .

243 2701 409 2767 emtionem
426 2698 575 2767 adhibuit.
605 2701 735 2768 Divitiae
754 2703 929 2769 mercatoris
947 2705 1096 2791 pecuniae
1113 2727 1172 2770 ex-

241 2815 411 2901 portatione
432 2825 504 2881 sunt
527 2825 650 2898 auctae,
672 2814 801 2910 jurenes
820 2825 937 2897 autem,
961 2835 1057 2900 nugas
1076 2816 1172 2879 emtas
1253 2802 1255 2807 ⁴

241 2929 268 2993 ei
281 2925 430 3009 vendunt,
446 2949 559 3013 paucos
574 2938 694 2992 tantum
711 2912 864 3014 accipient
879 2948 1039 3009 nummos,
1053 2948 1173 3017 quem-

241 3061 335 3128 quam
361 3060 473 3126 magna
499 3041 531 3104 ri
556 3040 706 3126 pecuniae
732 3040 773 3105 ad
795 3064 845 3106 eas
863 3040 1013 3137 'emendas
1034 3064 1111 3128 opus
1132 3042 1171 3108 iis

240 3154 347 3219 iuerat
389 3151 507 3217 Horum
536 3153 631 3240 igitur
663 3150 788 3218 divitiae
821 3152 991 3220 diminutae
1018 3167 1097 3219 sunt.
1137 3155 1171 3219 Si

220 3256 311 3331 vrem
333 3262 494 3352 indagatur
517 3286 608 3331 causa
628 3264 814 3341 diversarum
832 3266 943 3331 harum
961 3267 1170 3353 sequelarum,

241 3378 357 3465 patebit
387 3379 475 3444 illam
501 3380 631 3447 minime
657 3380 745 3445 situm
774 3402 837 3445 esse
867 3380 901 3443 in
927 3376 1076 3465 pecuniae
1102 3401 1170 3443 nu-

241 3503 373 3558 meratae
395 3494 579 3580 erogatione.
606 3492 708 3559 Ambo
728 3494 812 3559 enim
833 3494 997 3579 pecuniam
1014 3492 1083 3558 aliis
1099 3504 1170 3560 tra-

149 3593 152 3599 ’
240 3604 384 3679 diderunt
416 3618 446 3674 et
472 3607 498 3673 si
529 3607 584 3673 illa
612 3606 734 3674 traditio
762 3629 880 3694 semper
897 3605 1056 3685 ,damnum
1086 3629 1169 3672 con-

240 3720 391 3804 utitueret,
420 3732 568 3801 mercator
596 3723 631 3786 in
645 3743 729 3799 ⁴cam
752 3722 906 3809 proposito
929 3719 1010 3786 illud
1030 3721 1169 3789 renueret

240 3832 348 3916 otiam,
374 3844 535 3913 secontia
561 3834 653 3919 hujus
669 3832 887 3903 ¹conditionem
913 3834 1073 3933 meliorem
1097 3834 1168 3902 ioc-

239 3990 460 4010 ..unu-

267 4072 309 4143 (1)
326 4078 363 4129 cf.
375 4081 419 4133 ru
429 4080 496 4130 um.
507 4079 532 4131 r.
543 4079 633 4148 noo,
646 4096 685 4148 op.
698 4079 716 4130 r.
726 4078 778 4129 m
792 4060 894 4146 uscip.
909 4079 1154 4146 rupparaoqq.

1000 4172 1021 4232 6
