3120 5180
704 477 745 540 85

261 667 282 750 5
302 669 331 731 r.
365 665 540 733 Prohibita
561 665 785 755 importotione
806 681 989 734 exterorum
1011 673 1186 748 moreium,

403 776 581 867 r'onpeditur
600 781 831 871 iodiqertamm
853 786 1040 869 exportatio.
1193 757 1198 767 Ι

304 1003 420 1072 Omnes
439 1008 570 1073 fautores
585 1008 751 1095 systematis
767 1007 968 1094 prohibitori'r
978 1018 1032 1072 aut
1048 1008 1185 1094 gravium

258 1119 454 1205 vectigalium
465 1121 577 1210 quibus
592 1123 741 1187 mercium
752 1121 925 1209 importatis
937 1132 1092 1207 prematur
1103 1141 1186 1187 con·
1212 1100 1219 1111 ⁴

260 1230 390 1296 tendunt
407 1236 645 1327 exportationem
665 1236 830 1319 mercium,
849 1235 977 1323 quaein
999 1236 1094 1322 patria
1116 1246 1187 1300 sunt

258 1344 428 1430 confectae,
451 1348 565 1414 civitati
584 1348 672 1415 valde
692 1351 801 1415 utilem
822 1373 894 1415 esse.
930 1349 1043 1415 Putant
1066 1350 1100 1413 in
1121 1371 1186 1435 pa-

260 1459 387 1522 triarum
409 1463 558 1527 mercium
579 1465 784 1549 asportatione
804 1464 909 1528 salutis
928 1475 958 1529 et
978 1463 1186 1550 prosperitatis

258 1572 374 1638 fontem
393 1576 526 1660 positum
548 1599 612 1642 esse
618 1600 629 1663 3
651 1575 762 1643 docent
783 1574 981 1641 omnimodo
1003 1598 1039 1640 eo
1062 1573 1186 1639 tendere

258 1684 370 1752 debere
391 1688 487 1771 eires,
510 1700 545 1753 ut
565 1690 637 1755 illae
657 1690 877 1776 exportationes
894 1690 928 1752 in
950 1687 1014 1753 dies
1033 1689 1136 1774 plures
1157 1697 1187 1753 et

175 1836 179 1845 ι
258 1796 410 1865 faciliores
431 1801 605 1867 reddantur.
641 1803 729 1869 Hane
749 1804 790 1868 ob
814 1824 936 1869 cauum
963 1811 1099 1866 statuunt
1124 1823 1186 1867 na·-

259 1892 407 1976 turalium
434 1916 492 1978 soli
522 1927 729 2002 proventuum.
751 1917 987 2003 exportationem
1012 1914 1187 2001 prohiben-

169 2064 177 2073 -
245 2025 330 2091 -dam
344 2048 407 2092 esse
421 2037 451 2092 et
465 2027 633 2092 elaboratas
645 2041 766 2092 tantum
779 2052 895 2096 merces
909 2028 1058 2115 exportari
1071 2029 1184 2095 sinunt.

260 2138 415 2205 Emtiones
442 2161 545 2205 rerum
577 2140 823 2225 peregrinarum,
852 2151 888 2202 ut
918 2141 1021 2206 noxias
1054 2139 1185 2221 civitati,

259 2251 418 2336 rejiciunt3
441 2249 668 2317 venditionibus
690 2253 793 2316 autem
815 2251 982 2338 patriarum
1003 2252 1112 2316 favent.
1147 2253 1193 2316 Ut·

258 2364 422 2449 damnum,
443 2363 525 2453 quod
547 2363 714 2431 seeundum
735 2365 861 2429 illorum
879 2365 1056 2450 opinionem
1068 2363 1203 2452 semper·

259 2478 570 2563 oritur,eum1cives
595 2479 635 2543 ab
662 2479 731 2543 aliis
758 2480 880 2566 populis
907 2501 954 2544 res
972 2491 1091 2563 emant,
1115 2481 1184 2545 eri-

258 2602 386 2674 taretur‚
413 2587 703 2655 eommendaverunt'
732 2600 763 2654 et
790 2590 895 2676 magni
918 2589 1058 2657 fecerunt
1085 2589 1181 2676 leges,

258 2725 338 2793 quae
367 2682 478 2768 haruin
495 2703 757 2790 ‘importationem
792 2702 956 2789 prohibent
986 2714 1038 2769 aut
1075 2702 1182 2768 saitem
1275 2692 1280 2697 ³

257 2817 416 2885 difficilem
438 2814 580 2903 reddunt.
621 2815 682 2882 Sed
708 2817 838 2882 fautores
859 2816 974 2881 liberae
995 2827 1183 2881 mercaturae

257 2932 391 3020 putant,'
409 2931 528 2998 easdem
551 2934 653 3018 leges,¹
671 2953 747 3019 quas
772 2943 806 2996 ut
834 2931 978 2997 salutares
1006 2929 1198 3024 praedicant]

257 3046 332 3129 alii,
368 3066 470 3109 revera
504 3043 664 3109 damnosas
701 3066 764 3108 esse
801 3046 915 3111 nivium
953 3042 1120 3112 industriae
1153 3056 1183 3110 et

240 3159 432 3245 proposito,
467 3178 528 3245 quo
558 3152 806 3238 introducuntur,
836 3158 965 3224 minime
990 3157 1181 3246 respondere.

258 3270 327 3334 Nou
355 3268 512 3353 viderunt,
548 3271 751 3361 necessarium
775 3258 860 3352 esse,
891 3282 926 3335 ut
959 3271 1014 3335 ille
1048 3272 1103 3359 qui
1135 3293 1182 3335 res

261 3406 329 3447 suas
353 3381 481 3449 rendere
500 3383 604 3470 cupiat
625 3385 665 3449 ab
687 3384 756 3448 aliis
779 3405 902 3473 quoque
927 3382 1002 3475 quid
1022 3396 1103 3450 emat
1123 3381 1181 3474 (1)

259 3496 445 3564 Remedium
466 3497 590 3590 (nempe
611 3498 765 3584 prohibita
785 3494 989 3587 importatis),
1017 3497 1100 3587 quod
1121 3496 1183 3562 ad-

258 3644 493 3671 .‚.-.........

254 3717 297 3768 Vir
312 3717 379 3766 Doet.
395 3716 420 3765 J.
437 3717 464 3768 c.
482 3717 507 3766 t.
525 3706 646 3767 srsuorm
661 3729 691 3765 rr
707 3718 837 3784 Srsrornr,
861 3717 946 3767 Nouo.
961 3717 1098 3781 Potnotpos.
1122 3716 1191 3765 Puta

253 3806 331 3860 1827.
348 3809 414 3860 Tom-
433 3806 468 3859 11.
482 3825 536 3877 pag.
548 3810 594 3874 60,
612 3810 731 3875 quiputat
739 3810 851 3876 pecuniae
861 3808 1188 3875 numerataefexpsrtttienem

255 3888 396 3969 probibitrm
410 3900 542 3952 litterarum
555 3899 702 3950 cambinlium
713 3918 781 3950 usum
791 3918 937 3968 provocasse.
955 3902 1022 3966 ltro,
1034 3916 1073 3966 op.
1084 3900 1102 3949 l.
1114 3902 1128 3969 ᾗ
1138 3901 1187 3951 att

256 4001 280 4039 et
295 3994 364 4042 mult.
382 4007 450 4061 seqq.
975 3992 978 3999 ⁴
1134 3978 1140 3999 ¹

290 4079 330 4149 (Ῑ)
348 4084 385 4138 Gt.
401 4086 476 4136 uror.
493 4102 531 4153 op.
549 4083 612 4135 lani.
630 4100 684 4152 pag.
703 4087 761 4136 178.
1037 4076 1047 4111 ί
1134 4076 1142 4113 r
