3120 5180
251 668 416 752 abstinere,
433 690 513 737 ,eum
535 670 659 735 illarum
676 673 810 759 pretium
830 694 884 758 per
903 672 1063 760 vectigalia
1078 673 1178 759 majus

249 781 362 852 netum
384 781 423 845 sit
437 779 494 871 (1).
520 780 644 871 Certum
664 784 756 849 etiam
777 795 822 849 est
841 785 991 850 mersium
1010 786 1190 872 patriarum

250 895 371 980 copiam
394 896 495 963 statim
520 895 670 980 diminui,
699 899 724 961 si
749 898 873 964 ittarum
900 903 1033 983 pretium
1049 898 1179 993 *seriptis
1265 985 1269 995 ι

212 1037 218 1054 ·
248 1005 445 1091 vectigalibus
465 1008 499 1071 in
518 1010 755 1095 exportationem
768 1020 913 1096 augetur,
936 1031 1009 1075 uam
1023 1032 1060 1078 eo
1073 1011 1178 1097 plnres

248 1114 435 1204 venduntur,
459 1142 521 1209 quo
544 1133 615 1187 sunt
635 1124 764 1188 viliores.
798 1123 884 1189 Patet
901 1124 995 1210 igitur
1016 1124 1178 1212 vectigalia

243 1230 348 1316 >gravia
375 1232 410 1296 in
437 1236 676 1323 exportationem
703 1238 854 1307 mercium
878 1240 1103 1333 statutaetiam
1124 1239 1178 1306 ei-
1209 1254 1213 1263 ’

246 1343 335 1425 ¹ribus
354 1342 500 1413 damnosa
520 1372 593 1416 esse.

290 1454 431 1544 Regulae
455 1484 578 1551 quoque
599 1487 678 1552 quae
699 1462 902 1531 observandae
922 1475 994 1529 sunt
1013 1486 1032 1528 a
1051 1485 1200 1547 mercn-¹

245 1571 376 1654 toribus,
389 1595 461 1639 oum
471 1597 586 1643 merses
597 1579 799 1664 importentur
810 1588 863 1642 aut
876 1586 1087 1662 exportentur,
1102 1598 1189 1643 mom

246 1660 352 1751 lestaiu
375 1685 508 1753 reddunt
533 1701 736 1757 mercaturam
761 1702 791 1756 et
817 1690 847 1755 ei
873 1688 942 1755 ideo
965 1690 1059 1756 etiam
1081 1712 1187 1779 quam.
1270 1684 1272 1691 ’

134 1814 142 1825 ‘
247 1800 377 1864 maxime
397 1814 510 1867 nocent
532 1802 590 1893 (2).
992 1808 996 1815 ’

291 1909 407 1975 Ultimo
428 1912 496 1976 loco
516 1913 682 1981 dicendum
701 1931 745 1983 est
763 1918 802 1982 de
820 1919 1023 2004 argumentis,
1046 1919 1178 2007 quaein

245 2021 427 2107 portitorum
447 2024 582 2091 favorem
602 2028 694 2111 vulgo
713 2030 916 2113 proferuntur.

290 2135 403 2201 Putant
422 2136 586 2205 adversarii
606 2128 929 2209 liberaemereaturae
946 2150 1079 2225 sumtus,
1100 2163 1178 2229 quos

247 2250 339 2337 exigit
355 2249 534 2335 hujusmodi
552 2263 696 2340 systema,
716 2253 846 2320 civitatis
861 2251 981 2341 divitius
996 2276 1060 2319 non
1078 2253 1187 2320 dimi-³

246 2385 360 2448 nuere,
376 2366 449 2453 quia
460 2368 609 2453 pecunia,
629 2387 722 2455 quam
735 2367 823 2432 solvit
838 2367 877 2430 iis
893 2367 1012 2448 civitas,
1029 2367 1063 2430 in
1078 2369 1187 2453 patna

245 2487 383 2541 remanet
403 2488 433 2542 et
459 2501 513 2565 per
539 2479 820 2545 consumtionema
842 2481 1040 2566 portitoribus
1064 2481 1176 2546 factam

202 2624 205 2629 ·
244 2588 283 2657 ad
303 2592 383 2656 oives
402 2591 483 2678 ipsos
500 2592 586 2658 redit.
615 2592 684 2667 Nojn
705 2593 808 2661 rident
825 2595 868 2661 sic
884 2593 1031 2660 damnum
1048 2593 1176 2683 aliquod

245 2704 353 2771 inferri
381 2705 515 2789 civibus,
546 2707 609 2771 imo
637 2705 826 2773 contendunt
843 2707 1013 2792 portitores
1041 2729 1110 2772 eam
1135 2707 1187 2772 oh.

245 2841 369 2885 causam
388 2820 505 2886 civitati
522 2843 586 2886 esse
602 2821 709 2903 utiles,
729 2821 804 2909 quia
822 2842 886 2901 res,
906 2841 984 2906 quae
1001 2820 1036 2884 in
1055 2820 1177 2885 civitate

244 2931 467 3016 conficiuntur,
486 2944 568 2999 certa
585 2955 640 3018 pro
660 2943 744 3016 parte
760 2933 848 2996 abiis
859 2944 1093 3019 consumuntur,
1115 2930 1177 2998 sed

244 3044 434 3113 eontrarium
457 3046 557 3130 potius
578 3066 684 3110 verum
704 3065 769 3109 esse
789 3044 936 3109 videtur.-

240 3195 243 3199 -
288 3157 429 3240 Sumtus,
458 3158 514 3245 qui
538 3179 558 3221 a
587 3157 707 3222 civitate
730 3167 893 3243 erogantur
916 3157 951 3223 in
977 3156 1185 3224 commodum.

244 3269 359 3336 civium
387 3270 428 3334 ab
454 3269 493 3333 iis
523 3279 593 3334 sunt
618 3268 765 3337 solvendi.
805 3269 931 3352 Milites,
964 3271 1019 3358 qui
1043 3272 1185 3357 petriam.

204 3374 209 3377 ’
243 3380 430 3465 defendunt,
458 3404 514 3469 pro
539 3383 679 3447 omnium
702 3382 841 3449 libertate
863 3392 893 3448 et
912 3382 1016 3473 quiete
1039 3393 1172 3468 certant,

233 3540 441 3559 m

221 3660 223 3666 ·
270 3627 308 3698 (l)
325 3598 363 3683 (if.
379 3631 484 3696 liunus,
502 3646 540 3696 op.
557 3626 620 3683 laud,
636 3643 691 3697 pag.
711 3629 771 3679 25⁰.
789 3636 814 3676 et
831 3640 883 3677 m
899 3627 1057 3696 sunnon,
1079 3631 1105 3678 in
1120 3631 1180 3701 ny·-
1248 3626 1251 3633 ’

237 3724 328 3790 drogon
344 3731 390 3774 eto.
409 3724 474 3772 Tom.
485 3724 511 3771 2.
528 3738 583 3789 pag«
600 3723 643 3771 et.
861 3782 866 3793 Ι

272 3814 312 3886 (2)
330 3818 367 3867 Gt.
378 3800 423 3867 Vir
434 3818 503 3866 Boet-
520 3790 680 3865 orntum
695 3794 833 3879 rix—Vnius,
850 3831 889 3880 op.
904 3813 967 3863 laud.
978 3830 1033 3881 pag.
1051 3817 1082 3863 11
1098 3825 1122 3864 et
1134 3812 1179 3878 8⁰),

235 3908 292 3958 Vn
307 3910 466 3975 Enumtnom,
482 3910 509 3958 in
523 3908 658 3978 st'droqen
673 3915 718 3955 etc.
733 3906 797 3955 Tem.
809 3907 831 3954 1.
842 3923 897 3972 pag.
913 3908 945 3957 57
960 3916 985 3955 et
996 3907 1029 3955 m
1044 3917 1068 3956 et
1079 3908 1144 3958 Turn.
1155 3908 1178 3958 1.

238 4016 294 4067 pm
310 4001 333 4051 1.
348 4019 405 4070 pag.
425 4001 485 4051 rot.
510 4000 538 4051 x.
552 4000 645 4066 razio,
662 3980 814 4049 nonnoso
831 3998 961 4069 nysam,
984 3998 1020 4049 11.
1041 4015 1096 4066 pag.
1116 4002 1174 4054 ras.

237 4092 282 4144 Vir
299 4092 358 4145 ltob.
376 4096 507 4165 cusum,
522 4094 551 4145 de
566 4089 853 4157 comemmorans.
869 4089 924 4143 Vol.
941 4090 976 4142 11.
993 4107 1048 4158 pap
1068 4092 1129 4143 400.

978 4184 1056 4267 ⁷1⁶,
