3120 5180
807 495 849 556 92

359 683 487 750 aliunde
518 684 674 767 advectae,
698 686 749 752 sed
778 689 865 753 illam
895 688 1073 777 qualitatem
1098 699 1130 753 et
1158 689 1291 775 pretium

364 799 463 862 solum
490 799 696 883 attendentes,
727 803 856 888 optimus
885 813 915 867 et
940 824 1020 890 quae
1048 802 1162 888 exiguis
1187 802 1293 887 pretiis

363 923 496 976 veneunt
516 913 575 977 sihi
597 914 726 1000 eligunt.
756 913 930 980 Aemulatio
951 916 1090 981 omnium
1110 892 1293 1001 populorum

341 1021 447 1089 ‘inter
465 1049 498 1091 se
515 1026 624 1111 efficit,
649 1039 684 1091 ut
705 1029 819 1095 civium
837 1028 998 1096 commoda
1014 1038 1246 1117 promoveantur
1264 1039 1295 1091 et

365 1154 577 1209 consumentes
597 1165 688 1229 parvo
708 1145 806 1231 pretio
827 1147 968 1211 meliores
986 1156 1038 1209 aut
1057 1145 1174 1232 plures,
1198 1164 1293 1232 quam

363 1266 452 1321 antea
464 1256 523 1320 sibi
541 1270 718 1341 comparare
736 1259 853 1343 possint
869 1279 995 1324 merces.
1020 1257 1057 1321 Et
1072 1258 1132 1323 hoc
1150 1267 1194 1322 est
1214 1254 1296 1345 quod

254 1358 255 1361 ¹
294 1438 301 1465 x
365 1368 495 1440 maxime
516 1368 684 1455 optandum
705 1368 719 1459 (
740 1367 764 1458 )
852 1394 861 1400 ·

408 1479 579 1546 Adversarii
600 1482 843 1549 animadvertunt
864 1508 881 1550 e
903 1485 1000 1549 libera
1021 1506 1162 1551 concessa
1186 1483 1295 1548 exteris

357 1586 580 1681 =importatione
612 1619 717 1689 earum
746 1621 867 1682 rerum,
903 1621 982 1687 quae
1012 1600 1046 1663 in
1078 1599 1174 1684 patria
1205 1598 1296 1661 etiam

368 1708 575 1774 coniiciuntur
599 1712 698 1776 multa
720 1711 850 1777 oriunda
877 1736 942 1778 esse
967 1710 1162 1778 incommoda
1190 1722 1220 1775 et
1241 1728 1298 1773 os-

365 1820 492 1888 tendere
513 1835 665 1889 conantur
686 1818 894 1912 perniciosum
913 1828 978 1891 fore
998 1826 1128 1905 civitati,
1149 1825 1174 1886 si
1194 1822 1298 1886 omnia

366 1935 491 2021 opificia
510 1935 747 2018 demolirentur,
769 1940 803 2001 in
824 1940 937 2025 quibus
955 1958 1071 2002 merces
1088 1935 1298 2015 elaborantur,

369 2068 504 2135 quarum
520 2049 655 2135 pretium
677 2049 778 2134 majus
795 2061 847 2121 ,est
866 2073 918 2132 eo,
942 2048 1025 2139 quod
1048 2049 1155 2114 exteris
1174 2049 1300 2113 solven-

369 2159 446 2224 dum
465 2172 519 2227 est
556 2161 644 2227 Hane
669 2164 851 2228 sententiam
872 2186 937 2228 non
961 2164 1046 2228 omni
1066 2162 1176 2228 idoneo
1198 2183 1300 2227 carere

368 2274 568 2340 fundamento
599 2276 730 2342 lautores
761 2277 876 2342 liberae
907 2288 1094 2342 mercaturae
1120 2286 1297 2362 agnoscunt.

368 2387 477 2474 Magna
497 2388 631 2474 prolecto
652 2399 801 2453 exstarent
822 2386 1017 2453 incommoda
1038 2410 1111 2455 oum
1134 2386 1300 2474 derepente

369 2498 584 2566 concederetur
597 2500 653 2564 illa
667 2501 791 2567 libertas
811 2500 1010 2589 importandi,
1031 2524 1110 2591 quae
1128 2511 1216 2566 antea
1236 2522 1299 2565 ne·
1328 2552 1331 2556 Δ

370 2625 438 2701 gata
450 2636 569 2701 semper
584 2615 691 2681 luerat
714 2614 794 2680 Ante
808 2617 912 2681 omnia
923 2627 1063 2683 accurate
1077 2613 1297 2706 inquirendum

371 2739 430 2811 est,
461 2750 501 2793 an
530 2729 630 2794 omnis
652 2729 746 2815 plane
765 2728 885 2798 deficiat
912 2753 995 2819 spes,
1008 2733 1083 2797 tore
1113 2742 1149 2795 ut
1176 2730 1301 2818 opifices

372 2842 467 2908 nostri
487 2863 636 2932 umquam
656 2864 729 2908 cum
749 2845 912 2928 peregrinis
930 2844 1079 2908 aemulari
1093 2843 1210 2928 possint
1230 2853 1259 2907 et
1277 2843 1302 2906 si

371 2956 432 3021 hoc
450 2956 518 3039 jam
546 2977 649 3020 resera
671 2956 714 3018 ita
735 2954 894 3038 sehabet,
916 2978 957 3021 ne
976 2967 1052 3022 tunc
1075 2967 1178 3021 tamen
1201 2957 1302 3021 statim

373 3067 541 3155 peregrinis
564 3065 759 3134 concedenda
785 3079 829 3133 est
855 3068 952 3134 libera
979 3071 1164 3156 importatio.
1197 3069 1303 3135 Gravis

377 3182 462 3248 enim
475 3182 673 3266 mutationes,
692 3182 718 3247 si
737 3183 836 3248 subito
855 3184 1023 3249 obveniunt
1041 3206 1160 3272 semper
1176 3183 1303 3250 incom-

376 3293 476 3362 modis
501 3295 608 3360 multis
637 3317 742 3360 ansam
769 3296 922 3381 praebent
958 3294 1052 3363 (laute
1077 3295 1304 3385 procedendum

270 3467 274 3478 r
377 3466 589 3484 μ

405 3564 445 3637 (ι)
459 3560 500 3618 ur.
514 3569 557 3619 vir
572 3565 639 3615 noct.
659 3544 851 3631 nussum).
872 3564 890 3614 1.
904 3581 959 3631 pag.
975 3566 1037 3615 aso.
1058 3563 1231 3616 minacem
1248 3567 1312 3632 su,

372 3666 416 3729 0p.
433 3662 450 3711 l.
466 3662 531 3710 Tom.
549 3660 583 3709 Π.
600 3675 654 3725 pag.
672 3659 732 3706 842.
765 3657 839 3708 uNos
854 3673 970 3721 reversus,
987 3675 1002 3708 n
1019 3661 1118 3725 quelque
1134 3675 1224 3709 sommo
1240 3656 1310 3726 qu’tls

376 3759 558 3815 «sementem,
578 3760 635 3800 sont
651 3750 714 3800 dors
728 3767 778 3799 orsa
793 3752 852 3799 tutto
866 3750 1013 3818 perpltuetlo
1030 3748 1112 3821 rotun
1131 3758 1185 3800 tous
1205 3767 1251 3800 uos
1272 3751 1311 3797 ts·

376 3850 472 3899 tussim.
496 3847 533 3896 m
547 3852 603 3895 sont
618 3843 742 3894 armum
752 3859 803 3910 por
817 3843 908 3908 chaque
923 3858 968 3892 sou
984 3858 1030 3909 quo
1045 3839 1163 3892 tonnam
1174 3842 1226 3909 fait
1234 3855 1312 3906 noyer

377 3939 426 3987 oda
438 3941 512 4005 plus,
527 3945 551 3986 ot
564 3951 609 4003 qus
625 3952 687 3985 nous
699 3937 831 4001 pourrioes
843 3949 920 4001 prayer
932 3934 960 3983 ds
980 3936 1090 3984 moins.»
1117 3932 1154 3982 Cf.
1170 3931 1222 3982 viri
1242 3930 1312 3980 Cous.

314 4015 315 4019 ¹
349 4092 353 4100 .
374 4030 402 4078 P.
419 4027 521 4095 Bsussl,
538 4044 602 4094 spec.
614 4025 678 4077 laud.
692 4043 748 4093 pag.
765 4027 806 4079 79.
825 4025 867 4075 Vir
882 4024 960 4091 Ampl.
979 4038 1030 4073 var
1043 4024 1188 4073 Horrorem
1204 4039 1234 4088 op
1249 4018 1313 4107 pud.

373 4121 438 4173 tom.
457 4122 478 4170 1.
496 4137 551 4188 pag.
571 4122 629 4170 114.
646 4130 670 4168 st
689 4120 754 4169 Tun.
771 4118 815 4170 IV.
831 4119 906 4184 partis
921 4118 942 4166 1.
959 4118 1066 4184 pagias.
