3120 5180
842 466 885 529 ab

398 658 520 724 insulae
547 645 650 746 portus
666 658 733 725 illis
754 632 882 725 naribus
905 658 1073 747 peregrinis
1089 658 1329 747 claudebantur,

401 794 480 861 quae
498 773 573 838 alias
595 770 762 839 afferebant
775 795 910 858 merces,
929 795 1023 863 quam
1037 796 1112 864 quas
1127 774 1226 862 regio,
1247 775 1330 843 unde
1349 804 1353 817 *

401 882 645 969 advehebantur,
665 889 731 974 ipsa
751 889 931 974 proferebat
962 889 1021 954 Illa
1038 889 1085 955 ler
1100 890 1231 974 famosa,
1251 911 1330 979 quae

400 995 470 1063 Act
491 1001 531 1087 of
543 995 746 1089 Nooipotiorr
767 1002 860 1088 rulgo
889 986 1031 1084 vocatur,
1062 1023 1167 1067 mense
1189 1000 1331 1068 Octobris

315 1126 319 1138 ·
401 1109 485 1176 Anni
500 1115 582 1176 1651
598 1113 790 1199 promulgata
805 1114 882 1196 fuit,
898 1134 1048 1201 magnum
1064 1115 1099 1178 in
1113 1113 1331 1181 detrimentum

400 1223 599 1309 Batarorum,
619 1227 735 1313 quibus
755 1225 832 1291 dura
850 1226 905 1291 illa
920 1227 987 1313 lege
1009 1248 1100 1293 omne
1119 1228 1216 1294 ferme
1236 1250 1332 1293 com-

397 1341 550 1405 mercium
569 1360 639 1405 cum
651 1338 760 1426 buglis
777 1339 1023 1407 interdicebatur.
1048 1342 1157 1408 Statim
1173 1343 1214 1408 ab
1234 1340 1331 1405 Ordi-

286 1514 294 1541 ‚
399 1453 492 1518 nibus
507 1451 709 1519 Generalibns
728 1454 820 1540 legati
837 1455 922 1520 missi
943 1466 1031 1539 sunt,
1053 1453 1111 1544 qui
1124 1467 1279 1543 peterent,
1298 1467 1332 1520 ut

397 1569 523 1657 aliquae
540 1548 724 1633 mutationes
736 1569 771 1632 in
783 1568 837 1633 illa
848 1567 1132 1653 introducerentur,
1150 1570 1331 1636 nostratium

400 1685 579 1751 commercii
597 1686 630 1749 in
650 1686 800 1768 sororem,
825 1684 877 1751 sed
897 1685 1140 1753 Parliamentum
1160 1684 1330 1749 Ordinibus

397 1798 603 1864 Generalibus
623 1798 764 1884 politicas
784 1800 825 1862 ob
840 1820 945 1862 causas
965 1798 1093 1878 iratum,
1113 1817 1218 1881 preces
1234 1818 1332 1860 exau-

398 1912 465 1977 dire
477 1914 611 1977 nolebat.
636 1912 758 1976 Bellum
776 1913 929 1996 primum,
947 1909 1029 1999 quod
1046 1933 1119 1978 cum
1130 1910 1240 1998 Anglis
1256 1935 1332 1976 nos-

395 2036 492 2091 trates
509 2034 682 2112 gesserunt,
698 2035 835 2090 exortum
855 2034 916 2107 est,
939 2046 1126 2114 quamquam
1147 2026 1250 2091 Batavi
1269 2050 1332 2113 pa-

396 2161 468 2207 cem
478 2161 595 2205 serrare
606 2136 764 2203 ardebant.
781 2138 869 2202 Illulti
879 2138 1059 2202 fortitudine
1068 2140 1329 2225 praecelluerunt,

398 2252 451 2320 sed
479 2264 583 2318 tamen
604 2250 735 2315 Ordines
758 2250 834 2315 Gen.
857 2260 1039 2339 putaverunt
1059 2274 1090 2315 se
1115 2272 1240 2316 omnem
1266 2275 1330 2340 op-

398 2369 617 2456 portunitatem
640 2387 748 2453 paoem
772 2363 978 2451 componendi
1000 2365 1134 2452 arripere
1151 2366 1272 2433 debere.

443 2478 579 2545 Tandem
608 2477 659 2542 die
690 2483 730 2540 15
757 2478 870 2541 mensis
901 2477 1016 2565 Aprilis
1040 2481 1114 2544 anni
1140 2482 1242 2565 1653,
1273 2503 1331 2569 pax

333 2595 337 2601 ’
397 2591 565 2677 composita
586 2598 645 2670 est,
677 2588 729 2652 sod
751 2590 843 2676 legati
870 2594 1094 2660 revocationem
1119 2594 1212 2680 hujus
1238 2593 1330 2663 edicti

399 2705 538 2772 obtinere
556 2718 623 2768 'non
643 2690 818 2790 pomerunt.
847 2704 983 2771 Societas
1002 2706 1162 2771 indiarum
1182 2709 1332 2775 Orienta-

400 2823 478 2886 lium
496 2822 580 2906 pacis
600 2817 776 2884 conditione
792 2817 952 2881 tenebatur
968 2816 1141 2905 concedere
1151 2818 1261 2906 Anglis
1274 2822 1332 2886 in-

399 2935 498 2999 sulam
516 2930 680 2996 Poulsrcn
699 2939 730 2993 et
751 2930 816 2993 960
838 2928 938 2993 millia
952 2927 1139 2995 florenorum
1157 2943 1188 2997 et
1206 2935 1332 3023 insuper

399 3044 537 3113 solvendi
556 3054 643 3110 erant
657 3046 743 3109 1172
761 3044 862 3131 millia
881 3041 1068 3110 florenorum
1084 3044 1124 3109 ad
1141 3049 1334 3116 resarcienda

316 3153 320 3156 ’
400 3160 528 3243 damna,
545 3181 624 3249 quae
639 3157 733 3246 Angli
753 3181 784 3223 se
801 3158 928 3224 sensisse
943 3157 1089 3224 dicebant
1101 3160 1136 3223 in
1149 3161 1232 3228 fretu¹
1245 3163 1334 3229 Sun-

401 3273 480 3341 dico.
504 3271 608 3338 Batavi
627 3271 661 3335 in
670 3270 732 3337 hoc
743 3269 935 3335 bellomulta
954 3268 1066 3337 damna
1079 3273 1158 3359 passi
1178 3286 1264 3359 sunt,
1281 3274 1334 3342 sed

401 3385 487 3451 alind
508 3386 600 3471 lcnge
626 3385 746 3471 gravius
771 3384 811 3447 iis
837 3382 910 3447 inde
931 3385 1043 3483 exstitit
1071 3384 1237 3471 damnnm3
1260 3388 1334 3451 dn-

401 3499 524 3588 glorum
546 3516 657 3583 nempe
675 3507 845 3585 mercatura
861 3496 902 3560 ab
920 3521 957 3563 eo
977 3495 1049 3562 inde
1067 3509 1205 3583 tempore
1224 3498 1333 3564 florere

402 3611 520 3699 incepit
543 3621 574 3677 et
601 3610 782 3677 Batarorunr
806 3622 964 3677 eraserunt
987 3611 1037 3674 illi
1062 3610 1179 3676 aemuli
1204 3611 1333 3698 pericu-

405 3725 558 3793 losissimi.
593 3722 723 3809 Merces,
745 3745 825 3812 quae
846 3724 922 3792 olim
943 3747 979 3789 ex
994 3721 1093 3797 ¹indiis
1111 3725 1216 3791 Batavi
1235 3722 1333 3790 adre-

403 3838 478 3903 here
491 3837 576 3903 soliti
592 3847 678 3903 erant
688 3881 700 3920 ,ι
710 3834 777 3921 jam
795 3836 923 3902 mribus
937 3835 1067 3923 anglicis
1083 3836 1331 3925 apportabantur.

405 3950 536 4017 Illorum
559 3952 683 4019 narium
702 3973 851 4019 numems
870 3951 1038 4038 augebatur
1058 3962 1088 4017 et
1108 3951 1218 4016 classes
1239 3971 1332 4016 com-

406 4065 607 4154 parabantur
621 4064 663 4132 ad
693 4079 895 4133 mercaturam
925 4061 1074 4151 agendam
1104 4074 1135 4128 et
1166 4063 1330 4148 tuendam,
1388 4140 1393 4145 ,
