3120 5180
727 456 966 516 29'·.

287 651 434 735 enimus,
457 648 545 715 aras
565 635 733 715 conserere·
749 670 820 715 cum
840 649 912 730 im,
935 644 1018 735 quoa
1039 645 1118 710 infra
1136 642 1168 733 (c
1185 641 1219 731 e)
1249 668 1252 671 ·

237 747 241 756 ’
284 764 594 845 tractaturisumus,
628 784 726 853 quum
754 761 810 828 sle·
830 744 984 848 prohibita
1014 758 1220 845 exportatione
1256 838 1258 845 Ι

285 901 389 943 rerum
419 864 651 965 primariorum,
673 878 800 943 'civibus
825 876 929 940 moltis
949 875 984 938 in
1010 873 1108 971 causis
1132 872 1221 935 salu—

284 981 361 1073 taris
383 1011 490 1055 sermo.
506 990 572 1083 erit.
632 1066 635 1080 .
668 1024 671 1031 =

330 1103 525 1187 Mercatores,
556 1105 610 1193 qui
636 1127 754 1191 panum
779 1103 897 1169 textiles
918 1096 1059 1189 (lakene)
1082 1097 1130 1164 vel
1154 1097 1221 1161 fer-

287 1241 356 1281 rum
375 1219 441 1302 jam
465 1209 656 1286 eliberarum
678 1243 804 1308 peregre
826 1230 951 1315 emunt,
975 1228 1069 1282 sortes
1089 1237 1157 1278 suas
1175 1211 1221 1302 (id

288 1344 335 1427 cst
352 1336 534 1421 pecuniam,
557 1359 618 1426 qua
640 1347 740 1402 erutae
756 1359 803 1401 res
825 1332 999 1422 solvuntur)
1017 1331 1167 1397 adhibent
1188 1328 1221 1391 in

286 1446 394 1513 florem
417 1460 535 1516 exterae
558 1451 706 1533 civitatis,
738 1471 809 1524 cum
833 1460 938 1522 contra
959 1447 1070 1511 nostris
1096 1445 1129 1508 in
1149 1439 1223 1507 offi-
1314 1453 1316 1457 ’

287 1563 367 1627 cinis
377 1575 551 1649 procreatae
568 1587 683 1631 merces
693 1566 726 1629 in
739 1562 804 1629 dies
822 1563 1073 1642 accumulentur,
1090 1552 1223 1646 quarum

287 1697 326 1740 ne
350 1673 631 1766 minimusquidem
652 1700 721 1764 pars
748 1653 900 1742 venditur.
926 1672 1092 1753 -Quantum
1117 1669 1223 1735 civitas

288 1798 389 1852 nostru
414 1811 450 1853 ex
472 1789 660 1853 emtionibus
684 1790 915 1876 peregrinarum
940 1786 1097 1852 mercium·
1120 1783 1224 1849 detri-

289 1915 429 1967 mentum
444 1905 541 1991 capit,
561 1904 632 1970 cum
649 1905 721 1970 illae
739 1905 832 1970 etiam
844 1904 877 1968 in
894 1903 991 1990 patrie
1006 1899 1224 1979 conficiantur,

290 2015 459 2104 unicuique
480 2018 595 2104 patebit
610 2017 669 2106 (Ι).
695 2019 806 2086 Civitas
827 2009 932 2108 nostra
943 2001 1059 2105 duplex
1075 2017 1119 2083 sic
1133 2013 1224 2080 sentit

290 2126 449 2210 damnum,
465 2128 579 2215 primo:
597 2130 736 2212 lucrum,
756 2131 839 2219 quod
861 2131 1015 2221 peregrini
1036 2130 1224 2215 percipiunt,

290 2239 414 2330 quando
436 2263 484 2306 res
510 2240 593 2329 apud
620 2243 691 2308 illos
718 2245 874 2310 conlectae
899 2240 920 2308 a'
947 2244 1036 2309 nohis
1065 2234 1225 2325 emuntur,

291 2378 353 2445 quo
382 2357 512 2423 civitatis
543 2355 668 2423 divitiae
696 2356 811 2423 directe
841 2359 976 2437 minores
999 2355 1169 2421 redduntur
1198 2366 1228 2420 et

293 2470 443 2536 secund'o':
467 2470 662 2535 omissionem
684 2471 780 2551 lucri,
803 2468 886 2560 quod
906 2467 1032 2556 opifices.
1050 2467 1145 2532 nostri
1162 2460 1229 2529 hu'-

290 2582 427 2666 jusmodi
447 2605 564 2649 merces
582 2568 777 2650 ¹conficiendo
802 2584 960 2673 percipere
985 2583 1095 2648 merito
1118 2603 1229 2668 spera-

251 2705 257 2717 '
293 2696 376 2761 haut.
400 2693 507 2783 Neque
522 2695 599 2763 haec
618 2699 681 2761 sola
700 2708 770 2761 sunt
788 2696 1000 2780 incommoda,
1025 2719 1104 2785 quae
1120 2719 1155 2761 ex
1173 2696 1227 2759 illa

291 2831 429 2896 perversa
454 2808 567 2896 agendi
596 2811 714 2877 ratione
740 2804 882 2876 existunt.
919 2809 1122 2876 Officinarum
1149 2832 1230 2874 nos·
1315 2850 1318 2856 ι

292 2935 425 3006 trarom,
445 2924 707 3011 comperegrinis
728 2924 824 2990 libere
843 2920 1010 3011 importare
1028 2923 1119 2989 liceat
1140 2943 1230 2987 mer-

294 3058 359 3118 ces,
378 3057 457 3123 quae
473 3038 514 3101 ab
531 3037 596 3100 illis
611 3024 724 3102 minori
743 3039 839 3124 pretio
852 3037 1043 3119 venduntur,
1062 3059 1156 3126 quam
1167 3059 1229 3126 quc
1338 3119 1342 3123 ‚

295 3144 419 3231 opifices
443 3146 540 3210 nostri
559 3169 609 3211 eas
628 3145 759 3212 vendere
783 3159 924 3234 possunt,
947 3149 1088 3214 interitus
1115 3150 1229 3212 immi-

297 3270 363 3338 net3
385 3276 458 3320 nam
479 3260 691 3347 unusquisque
713 3260 863 3341 cariores,
892 3283 1083 3348 quamquam
1101 3262 1229 3347 patrias,
1287 3288 1294 3301 ’

202 3371 205 3378 ’
298 3371 381 3435 nolet
402 3391 505 3435 emere
526 3391 651 3436 merces.
705 3426 708 3432 .

341 3485 473 3573 Sequeln
492 3484 677 3551 inevitabilis
702 3487 778 3571 erit,
801 3486 883 3576 quod
905 3487 1030 3575 opifices
1053 3489 1148 3555 nestri
1170 3510 1230 3557 co-

298 3614 408 3689 gentur
428 3604 468 3668 ab
487 3600 598 3668 barum
623 3605 774 3671 mercium
796 3605 1005 3672 elaboratione
1025 3618 1078 3671 eut
1100 3607 1231 3697 conlec-
1262 3592 1264 3595 ¹
1313 3582 1316 3588 Ι

297 3717 380 3783 tione
400 3716 553 3784 desistere.
587 3719 714 3807 Magnae
736 3720 808 3789 inde
829 3722 1016 3787 calamitates
1039 3722 1155 3808 patriae
1179 3723 1232 3787 ci-

297 3812 447 3920 vibusque
468 3814 640 3899 obvenient.
676 3832 810 3920 Opifices
830 3846 979 3921 cogentur
1003 3835 1157 3900 confectas
1182 3859 1229 3901 res

327 3992 364 4063 (l)
382 3995 419 4046 cf.
437 3996 481 4046 vir
497 3972 607 4044 noenu.
617 3994 643 4043 F.
655 3994 719 4043 Horu
736 3995 762 4043 in
780 4008 863 4061 opere,
881 3995 920 4042 cui
937 3991 1009 4042 titulo
1023 3994 1173 4061 Moiaunqeo
1190 4011 1238 4044 sorr

296 4078 338 4129 dor
349 4078 566 4146 Hoadslssreybn‘t
581 4080 633 4129 uod
642 4080 695 4130 dem
703 4080 949 4145 probatits'vaystamc.
967 4077 1038 4127 Wien
1051 4078 1128 4129 tsaa.
1146 4096 1171 4145 p.
1185 4079 1227 4130 76.
