3120 5180
712 506 750 568 61

271 691 429 778 vectigalia
450 693 477 757 si
504 694 678 781 exiguntur,
709 719 854 763 numerus
881 719 997 781 rerum,
1020 719 1096 787 quas
1118 698 1200 765 cives

270 805 330 870 sibi
349 827 525 893 comparare
547 821 688 895 possunt,
708 813 809 877 statim
833 810 1031 895 diminuitur,
1053 813 1126 901 quia
1145 814 1201 877 illa

270 918 402 1007 pretium
428 942 532 987 rerum
558 934 679 1009 augent.
715 923 800 991 Cives
822 927 917 1012 igitur
939 947 1043 992 omnes
1066 926 1201 992 sentiunt

268 1030 435 1117 damnum,
454 1034 479 1099 si
495 1034 656 1124 Princeps,
672 1039 815 1125 precibus
832 1039 1001 1126 obsequens
1017 1039 1200 1104 rusticorum
1304 1103 1308 1111 ,

268 1157 321 1209 aut
352 1147 517 1233 opificum,
548 1153 604 1238 qui
637 1173 753 1218 merces
784 1175 852 1217 suas
883 1150 1013 1218 rendere
1042 1160 1200 1239 nequeunt

268 1255 377 1322 eodem
394 1263 509 1346 pretio,
531 1284 595 1351 quo
611 1264 665 1327 alii
688 1287 737 1330 eas
754 1263 906 1349 vendunt,
928 1264 1087 1350 vectigalia
1109 1263 1201 1350 exigit

268 1373 472 1459 aperegrinis
492 1374 630 1460 ejusdem
659 1380 778 1465 generis
803 1374 957 1446 mercibus
981 1399 1052 1446 cum
1076 1378 1201 1464 impor—
1312 1411 1321 1430 ·

267 1496 385 1570 tentus,
407 1500 460 1553 aut
481 1490 605 1555 illarum
635 1493 881 1581 importationem
904 1491 1018 1560 directe
1046 1490 1196 1578 prohibet.

266 1597 467 1693 Rusticorum
487 1614 540 1666 aut
561 1604 707 1691 opificum
729 1608 864 1694 prolecto
885 1604 1020 1699 conditio
1038 1604 1123 1669 hisce
1147 1605 1199 1669 le-

267 1714 358 1800 gibus
386 1716 497 1781 melior
525 1714 663 1782 redditur
691 1730 722 1785 et
755 1720 923 1807 locupletes
952 1717 1018 1784 lieri
1052 1727 1197 1804 possunt,

267 1826 319 1893 sed
339 1828 374 1894 in
396 1826 546 1894 damnum
566 1830 699 1896 aliorum
722 1833 845 1898 civium.
937 1812 939 1815 V

310 1939 497 2005 Putaremnt
517 1940 573 2006 diu
595 1944 772 2031 scriptores,
794 1945 932 2031 ingentes
954 1941 1074 2010 divitias
1094 1953 1198 2008 atten-

266 2047 372 2115 dentes
397 2050 540 2134 illorum,
570 2056 626 2140 qui
651 2058 780 2121 exclusis
809 2057 878 2121 aliis
905 2066 1108 2121 mercaturam
1132 2055 1198 2120 ali·-

268 2185 362 2253 quam
383 2163 431 2231 vel
457 2163 639 2231 industriam
664 2152 861 2250 exercebant,
884 2168 1060 2254 monopolio
1083 2164 1198 2234 civitati

267 2278 432 2344 utilissima
469 2301 549 2363 esse;
583 2278 635 2345 sed
674 2302 738 2346 non
774 2279 930 2364 viderunt,
971 2279 1090 2347 divitias
1128 2281 1221 2346 illas*

266 2393 474 2459 accumulatas
497 2404 596 2479 partes
620 2392 883 2460 essedivitiarum
906 2394 1020 2460 civium
1046 2395 1197 2477 aliorum,

267 2507 381 2594 quibus
403 2507 476 2571 illae
504 2517 603 2593 portes
630 2507 660 2573 vi
683 2506 862 2593 hujusmodi
885 2507 1037 2595 privilegii
1068 2517 1198 2573 extortae

267 2630 361 2685 erant.
390 2618 519 2686 Divitiae
540 2621 670 2687 civitatis
690 2622 750 2688 hac
773 2622 890 2687 ratione
915 2644 979 2686 non
995 2629 1122 2703 ‘auctam
1145 2619 1197 2686 sed
1271 2646 1273 2651 ’

265 2743 386 2798 tantum
406 2734 440 2798 in
462 2757 632 2822 paucorum
653 2736 874 2823 possessionem
893 2736 1056 2802 translatae
1076 2730 1156 2800 sunt.
1186 2782 1190 2793 .
1224 2790 1228 2793 Α
1334 2772 1336 2777 ,

310 2845 463 2915 Omnibus
474 2849 628 2935 ejusmodi
639 2844 834 2938 privilegium
846 2849 966 2940 aliquid
977 2844 1101 2933 adimit,
1114 2847 1196 2938 quod

104 3010 108 3017 ,
155 3002 158 3007 ι
266 2964 371 3049 paucis
390 2964 567 3029 restituitur.

265 3139 333 3222 §ib
361 3137 466 3219 Gens,
487 3167 567 3233 quae
589 3144 631 3209 ab
654 3148 774 3211 esteris
793 3168 846 3211 ree
863 3147 1103 3229 multaeemit,
1121 3144 1195 3210 huic

399 3254 471 3319 ideo
491 3258 627 3322 minimo
648 3259 796 3346 mbp‘eota
817 3259 977 3322 censenda
999 3270 1055 3322 est.

310 3411 471 3499 Eleganter
488 3414 562 3500 jam·
573 3414 649 3481 dixit
667 3415 760 3509 decus
777 3417 891 3504 patriae
909 3427 1045 3502 nostrae,
1066 3418 1195 3505 scriptor

267 3525 448 3593 immortalis
476 3529 575 3616 operis
599 3528 638 3595 dc
663 3530 734 3615 jure
758 3531 839 3597 Belli
866 3553 902 3598 ac
931 3531 1017 3599 Pacis
1049 3529 1127 3622 (tib.
1153 3531 1194 3598 ΙΙ.

266 3625 338 3726 cap.¹
357 3639 417 3729 2.)‚
447 3642 546 3707 Deum
565 3665 634 3733 non
650 3645 753 3710 omnia
777 3646 920 3710 omnibus
941 3646 1195 3741 terraeIpartibus

266 3740 470 3836 concessisse,
488 3754 540 3821 sed
568 3778 622 3842 per
646 3758 783 3843 regiones
812 3780 866 3823 sua
888 3757 968 3824 dona
990 3757 1195 3843 distribuisse,

264 3877 301 3930 ot
321 3868 478 3953 homines,
498 3869 553 3934 alii
578 3848 710 3935 aliorum
735 3894 792 3959 ope
814 3870 1001 3961 indigentes,
1022 3872 1195 3937 societatem
1297 3866 1300 3873 ’

267 3980 410 4049 colerent.
439 3984 547 4072 ltaque
569 3996 773 4052 mercaturam
786 3988 948 4070 ,excitarim
967 3996 1018 4070 ut,
1038 4007 1117 4075 quae
1137 4008 1197 4051 us-

173 4114 178 4123 ’
264 4114 361 4181 -quam
383 4107 454 4163 nata
475 4108 561 4183 sunt,
584 4097 621 4163 iis
641 4099 845 4166 communiter
863 4098 924 4163 lrui
945 4118 1050 4165 omnes
1071 4099 1195 4186 possint.
