3120 5180
692 496 731 559 or
755 464 757 467 ’

249 687 384 753 militum
399 697 480 765 tunc
489 709 627 756 creseere
639 689 791 776 imprimis
808 687 941 770 videtur,
962 686 1084 776 qrrand‘o
1100 708 1175 752 om-

250 802 298 867 nis
309 802 413 873 §ferme
433 824 499 887 spes
520 804 625 868 salutis
646 804 684 868 iis
696 803 828 869 ‘ademto
849 814 902 867 est.

292 912 401 977 Simile
427 913 518 978 etiam
549 913 625 1002 quid
652 902 791 981 accidere
816 913 970 995 videmus,
999 935 1071 979 cum
1097 914 1176 977 inter

249 1049 299 1091 eos
319 1027 440 1091 ineatur
459 1039 628 1112 certamen,
646 1029 704 1118 qui
719 1028 802 1094 idem
821 1051 916 1116 genus
937 1026 1102 1093 industriae
1113 1049 1177 1112 ex·-

249 1149 361 1204 ercent
393 1139 611 1230 Unusquisque
631 1119 865 1227 in'bujrrsmddi
885 1139 1051 1206 certamine
1071 1158 1180 1202 omnes

251 1273 319 1315 suas
339 1251 465 1318 adhibet
487 1255 565 1320 vires
588 1266 619 1320 et
642 1256 786 1322 uictoriae
803 1256 943 1342 palmam
968 1252 1037 1317 aliis
1060 1251 1182 1337 eripere
1215 1250 1218 1254 ⁴

251 1362 361 1428 studet.
388 1366 510 1433 Gloriae
530 1390 633 1434 amore
649 1382 680 1434 et
696 1369 813 1457 proprii
830 1366 985 1439 commodi
1003 1365 1103 1431 studio
1123 1365 1180 1428 in-

249 1489 330 1542 tstus
352 1480 495 1555 omnibus
515 1485 699 1568 praecellere
721 1484 806 1557 ardet
827 1495 857 1551 et
877 1507 942 1566 res,
965 1483 1098 1571 quasin
1123 1482 1181 1546 illo

250 1590 358 1658 ardore
378 1593 502 1660 conficit
521 1597 645 1678 artilex,
667 1588 814 1663 meliores
833 1593 1001 1685 aliquando
1028 1603 1098 1657 sunt
1123 1593 1182 1674 iis,
1263 1575 1273 1594 ⁸

251 1729 327 1794 quas
351 1726 499 1796 umquem
518 1711 651 1807 confecit
670 1721 700 1776 ot
720 1711 763 1777 sic
785 1720 868 1797 patet
887 1730 992 1794 saepe,
1015 1707 1107 1771 illum
1126 1706 1181 1770 fn-

251 1821 416 1886 cullatibus
441 1821 574 1908 gaudere
596 1824 730 1908 eximiis,
753 1844 885 1913 querum
906 1821 975 1908 ipse
995 1830 1084 1885 antea
1100 1841 1183 1886 con-

251 1933 330 1997 scius
354 1954 421 1996 non'
441 1946 506 1998 erat
527 1932 585 2024 (1).
614 2002 618 2017 Ι

295 2042 402 2131 Neque
426 2044 553 2108 mirum.
592 2046 671 2110 Nam
702 2061 783 2113 certe
813 2068 920 2137 omnes
946 2048 1077 2135 colliget
1105 2047 1184 2113 vires

251 2157 352 2221 honus
367 2157 603 2242 paterfamilias,
619 2179 691 2224 curn
710 2157 808 2224 videat
825 2169 946 2244 tempus
964 2161 1091 2243 instare,
1105 2182 1185 2248 quo,

252 2270 312 2339 nisi
329 2292 435 2336 omncs
454 2271 532 2337 vires
547 2269 707 2353 intendat,
730 2271 790 2336 sibi
808 2272 1006 2360 familiaeque
1019 2294 1091 2338 suae
1108 2293 1184 2336 nm-

251 2384 335 2471 plius
355 2382 504 2475 industris
527 2404 580 2449 sua
603 2386 775 2471 prospicere
794 2409 858 2453 nen
877 2387 996 2473 poterit.
1032 2387 1070 2449 Et
1089 2386 1196 2470 ejus-·

253 2497 337 2564 modi
360 2499 534 2583 periculum
555 2499 707 2564 severaci
733 2500 889 2583 imminet,
915 2520 990 2566 cum
1016 2499 1190 2586 peregrinis
1262 2568 1265 2573 ,

253 2607 436 2675 mnoedatur
453 2598 589 2676 'incultas
606 2632 727 2678 meroes
753 2634 821 2678 suos
846 2613 879 2679 in
902 2596 1185 2700 patrium-impor-

194 2803 195 2807 Ἰ
253 2721 355 2806 uadi,
378 2744 510 2810 quarum
527 2723 665 2810 ,prelium
689 2725 792 2789 minus
812 2735 856 2790 est
876 2747 929 2807 eo,
951 2724 1035 2813 quod
1058 2726 1186 2812 exigunt

253 2836 377 2923 opifices
401 2835 573 2923 indigenae.
611 2836 673 2900 Pro
700 2847 781 2902 certo
808 2837 893 2905 euim
917 2834 1103 2907 habendum,
1122 2845 1185 2918 est,

252 2950 419 3018 ciresillas
437 2973 553 3029 meroes
567 2962 700 3016 emturos
714 2973 792 3033 esse,
809 2970 887 3039 quus
904 2951 1047 3021 meliores
1055 2959 1186 3021 <consent
1291 2958 1296 2969 “

252 3064 322 3127 eliis
344 3072 378 3127 et
399 3084 474 3150 quas
501 3064 627 3148 insuper
653 3063 824 3128 minoribus
848 3064 1000 3129 sumtibus
1024 3064 1185 3152 acquirere

253 3186 387 3262 possunt
421 3175 559 3242 simulac
581 3175 751 3262 peregrinis
774 3176 959 3261 permittitur
982 3198 1098 3244 meroes
1119 3177 1185 3242 huo

253 3290 389 3372 mittere,
404 3290 500 3355 nullis
511 3290 616 3355 solutis
636 3289 848 3376 vectigalibus,
864 3291 1107 3376 putriaemerces
1120 3290 1184 3357 oiri

254 3402 395 3467 meliores
416 3402 477 3466 sint
497 3413 527 3467 et
551 3404 664 3468 vilioris
690 3403 780 3488 pretii
806 3403 908 3468 nullos
929 3405 1062 3490 amplius
1087 3405 1181 3477 inve-

255 3516 342 3581 nienl
361 3526 490 3581 emtores
505 3527 535 3581 el
551 3522 711 3603 paupertas
728 3516 873 3604 opificum
889 3541 951 3583 una
968 3540 1040 3585 oum
1056 3511 1183 3584 interitu
1235 3512 1237 3521 ‘
1273 3602 1275 3615 Ι

254 3630 424 3695 multorum
446 3629 639 3716 opificiorum
657 3652 720 3695 non
737 3630 829 3716 longe
845 3631 938 3695 obest.
963 3612 1184 3697 consumentes

255 3768 318 3810 non
348 3744 513 3832 inquirunt
538 3766 579 3809 an
596 3766 742 3828 meroem
773 3768 847 3833 quas
868 3755 991 3828 sursunt,
1021 3745 1059 3808 in
1084 3743 1182 3830 patria

254 3882 272 3923 a
300 3859 417 3924 civibus
445 3859 506 3922 sint
537 3860 691 3924 conlectae
720 3881 760 3924 an
787 3861 827 3925 ab
854 3859 922 3925 aliis
951 3858 1122 3949 elaboratae
1145 3864 1187 3921 et*

250 4013 457 4027 *-

285 4108 322 4177 (1)
338 4112 374 4163 Gi.
395 4113 531 4180 lienum,
548 4113 611 4181 opl.
628 4130 682 4180 pig.
701 4114 757 4164 17⁵,
