3120 5180
807 508 852 574 to

364 706 445 772 banc
459 706 507 770 ub
527 726 649 771 causam
677 716 822 793 augetur,
846 704 929 795 quod
956 705 1063 768 multis
1090 703 1294 770 incommodis

366 840 473 884 ansam
494 820 640 905 praebere
660 820 780 906 poterit.

362 1000 364 1003 ,
410 931 490 998 Ante
511 933 614 999 omnia
638 931 753 998 ideirco
770 952 894 1019 operam
913 932 986 998 dare
1003 930 1116 997 debent
1137 928 1296 995 civitatum

366 1045 601 1132 gubernatores,
625 1057 659 1111 ut
677 1067 796 1133 semper
813 1046 892 1112 adsit
908 1048 979 1112 satis
994 1067 1105 1132 magua
1127 1044 1214 1131 eopia
1234 1060 1273 1129 pe
1286 1081 1296 1089 ..
1356 1122 1361 1131 ·

364 1159 476 1225 cuniae
498 1170 674 1225 numeratae
701 1171 731 1225 et
755 1183 877 1244 curare,
906 1171 940 1225 ut
964 1160 1140 1253 retineatur.
1177 1157 1215 1221 Et
1235 1157 1300 1222 hoc

366 1274 556 1358 propositum
586 1273 701 1359 optime
733 1274 892 1360 attingitur
921 1258 1127 1360 prohibendo,
1159 1294 1198 1337 ue
1225 1264 1312 1336 em?

364 1385 464 1449 tiones
477 1406 550 1450 cum
564 1385 733 1472 peregrinis
747 1386 980 1470 contrabantur,
1003 1409 1087 1476 quae·
1096 1385 1300 1473 asportationi

365 1500 515 1586 pecuniae
538 1501 728 1566 occasionem
751 1502 907 1587 praebent.
938 1500 1220 1589 insuperciritatis
1241 1500 1297 1564 in-

366 1624 472 1698 terest,
495 1624 530 1677 ut
557 1614 637 1680 cives
664 1615 768 1679 omnia
797 1615 857 1703 ipsi
885 1615 1070 1702 producant,
1099 1628 1171 1680 uam
1192 1615 1220 1678 'si
1241 1613 1300 1676 illa

365 1728 488 1809 civitas,
516 1725 556 1793 de
582 1749 643 1815 qua
672 1750 762 1815 supra
790 1731 1000 1812 monuimus,
1019 1731 1083 1814 ipsa
1108 1729 1298 1792 frumentum

365 1844 570 1908 necessarium
591 1842 795 1928 produxisset,
813 1838 1002 1909 frumentum
1019 1839 1146 1930 quidem
1162 1840 1301 1927 amplius

365 1979 429 2020 nou
456 1967 600 2037 exstaret,
624 1955 678 2019 sed
705 1957 837 2041 pecunia
866 1954 982 2022 adesset
1004 1967 1034 2021 et
1058 1958 1151 2023 erteri
1174 1957 1301 2020 nullum

366 2071 487 2135 lucrum
508 2093 532 2135 e·
547 2067 662 2133 damno
680 2069 812 2153 hujusce
834 2071 963 2137 civitatis
982 2072 1190 2158 percepissent
1208 2065 1264 2160 (1)

365 2248 384 2333 ς
408 2252 438 2313 7.
479 2248 601 2315 Libero
620 2273 696 2313 cram
716 2253 761 2313 rit
780 2253 1029 2338 pereqriaamm
1049 2238 1206 2314 inerciam
1225 2252 1299 2312 im-

382 2366 546 2450 portatio,
567 2385 666 2431 novae
687 2387 720 2428 ro
742 2373 921 2428 sustentare
941 2373 1099 2451 comeant
1118 2361 1277 2451 officinae.

409 2525 578 2612 Praecipue
594 2526 656 2591 boc
674 2537 891 2613 argumentum
908 2534 1020 2613 urgent
1037 2525 1102 2609 illi,
1121 2520 1177 2614 qui
1191 2534 1297 2590 eontra

365 2638 539 2703 libertatem
563 2649 751 2704 mercaturae
777 2637 919 2727 suffragia
940 2641 1052 2706 ierunt.
1090 2639 1170 2704 Ante
1193 2640 1302 2704 oculos

364 2753 449 2819 enim
471 2776 585 2840 ponere
602 2754 731 2840 cupiunt
749 2736 838 2838 grave
856 2752 1105 2834 incommodum,
1122 2750 1205 2840 quod
1222 2773 1299 2815 sen-

365 2867 486 2951 tiretur,
517 2868 542 2932 si
572 2867 668 2932 libera
692 2866 869 2951 importatio
894 2866 1044 2930 mercium
1066 2865 1302 2951 peregrinarum·

365 2979 592 3046 concederetur.
636 2977 753 3064 Negare
782 2999 874 3043 nemo
903 2979 1013 3065 poterit
1046 2977 1218 3070 <necuim
1245 2964 1301 3044 loss

365 3091 516 3181 quantur)
540 3091 699 3158 machinas
726 3113 871 3178 magnam
898 3091 1030 3174 ciuitati,
1059 3094 1094 3158 iu
1121 3115 1182 3181 qua
1206 3093 1301 3159 inre-

365 3207 511 3289 aiuntur,
528 3204 637 3272 afferre
648 3205 814 3270 utilitatem
832 3216 862 3271 et
881 3206 990 3272 merito
1008 3205 1145 3273 officinas
1156 3205 1227 3273 ideo
1242 3229 1299 3273 re·-

364 3320 437 3385 ierri
456 3320 538 3385 iuter
555 3320 654 3385 sentes
678 3318 855 3384 divitiarum
874 3319 1079 3406 publicarum.
1110 3321 1168 3385 Eas
1193 3322 1301 3412 aequis

365 3434 503 3519 partibus
525 3455 599 3498 cum
618 3430 838 3519 agriculturae,
860 3442 927 3496 tum
949 3445 1137 3501 mercaturae
1157 3434 1302 3522 prodesse

364 3545 505 3611 vidimus.
531 3544 694 3611 (licitatum
714 3547 808 3633 igitur
826 3546 984 3629 interesse,
1001 3557 1035 3610 ut
1046 3547 1113 3631 jam
1132 3557 1299 3612 exstructae

364 3659 508 3744 floreant,
533 3670 632 3726 norae
649 3670 842 3727 exstruantur
859 3671 889 3726 et
908 3682 1054 3726 numerus
1076 3679 1182 3726 earum
1201 3659 1300 3746 magis

365 3775 525 3864 magisque
542 3786 704 3862 augeatur,
720 3775 931 3864 unusquisque
944 3785 1052 3861 sponte
1063 3776 1214 3842 fatebitur.
1236 3773 1302 3840 vi-

360 3886 507 3972 deamus,
539 3911 615 3955 num
646 3889 808 3976 participes
833 3889 1039 3976 prosperitatis
1062 3891 1134 3957 iliae
1159 3889 1299 3977 regiones

394 4047 432 4117 (l)
449 4050 518 4100 conr.
529 4050 574 4100 (tn.
586 4049 697 4112 Gauron,
714 4047 756 4096 des
766 4045 884 4112 moines
896 4044 1043 4098 ditesceret
1049 4048 1180 4114 potitique,
1199 4047 1256 4096 Tam
1267 4046 1303 4097 n.

361 4159 411 4209 cap.
430 4142 478 4192 111.
495 4159 549 4209 pag.
567 4143 602 4192 84
618 4156 684 4208 seqq.
701 4139 768 4190 Paris
787 4140 866 4189 1821.
927 4164 938 4177 -
