3120 5180
728 543 767 604 51

289 732 433 802 vindicat
480 733 622 801 Secundo
645 736 712 801 loco
739 731 905 800 ridendum
930 733 1149 821 est,⁰quinam
1182 754 1216 798 ex
1254 818 1259 827 μ

278 848 372 939 'bisce
394 849 545 914 sumtibus
566 849 727 916 commoda
747 848 928 937 percipiant.

324 961 529 1051 *Quamquam
557 986 603 1028 res
626 986 730 1030 revera
752 963 795 1028 ita
818 986 881 1028 sese
902 962 1038 1044 haheat‚.
1059 963 1104 1025 uti
1127 981 1217 1046 supra
1263 1004 1264 1011 κ

286 1071 556 1139 animadvertimus
586 1071 644 1164 (sie
675 1075 760 1140 enim
788 1069 948 1160 pergunt),
979 1083 1083 1137 tamen
1113 1081 1217 1135 contra

209 1190 212 1193 ’
286 1197 423 1270 sumtus,
455 1189 511 1276 qui
542 1178 715 1275 publicanis
748 1198 819 1253 sunt
850 1185 1006 1268 solvendi,
1037 1194 1217 1272 argumenta

287 1300 379 1362 multi
401 1303 602 1386 protulerunt.
631 1301 691 1368 Sed
712 1302 866 1367 immerito
884 1297 943 1391 (1).
972 1300 1136 1365 Portitores
1156 1298 1218 1373 sire

287 1412 462 1498 publicani,
482 1416 718 1509 quirectigalia
743 1416 886 1504 imposita
901 1415 1082 1502 ‘percipiunt
1101 1423 1133 1478 ot
1153 1434 1217 1478 cu·-

286 1537 356 1591 rant
375 1550 419 1595 ue
435 1529 517 1615 leges
537 1527 812 1617 temperatione
831 1541 884 1595 aut
895 1528 1112 1616 exportatione
1128 1547 1217 1590 mer-

285 1643 386 1723 cium,
406 1642 441 1705 in
463 1642 660 1708 commodum
679 1646 794 1710 civium
817 1646 911 1728 latae,
933 1643 1101 1722 violentur,
1125 1640 1216 1726 vulgo

285 1764 358 1818 sunt
384 1754 539 1836 homiues,
569 1758 625 1845 qui
649 1769 702 1823 aut
731 1759 817 1824 hello
844 1769 897 1823 aut
919 1758 989 1822 aliis
1016 1755 1114 1821 modis
1137 1756 1217 1821 boue

285 1865 324 1934 de
351 1867 471 1934 civitate
499 1882 692 1954 meruerunt,
720 1871 773 1938 sed
801 1873 980 1939 vulneribus
1006 1870 1141 1936 honestis
1165 1881 1218 1934 aut

276 1979 401 2042 'morbis
429 1980 557 2053 invalidi
586 2006 605 2047 a
632 1984 753 2051 civitate
781 2008 894 2049 munus
919 1994 1121 2070 acceperunt,
1153 2005 1216 2071 quo

285 2093 412 2158 honeste
435 2115 466 2158 se
493 2098 661 2161 sustentare
685 2099 810 2182 possint.
846 2097 932 2162 Cives
954 2099 1047 2183 igitur
1072 2094 1217 2161 'solvendo

285 2206 461 2294 vectigalia,
477 2207 594 2273 civibus
609 2209 750 2273 solatium
763 2210 921 2296 praebent.
942 2209 1073 2295 Merces,
1088 2231 1168 2298 quae
1178 2209 1216 2274 iis

285 2320 428 2405 solvitur,
450 2332 555 2388 manet
566 2323 600 2386 in
614 2324 736 2389 civitate
752 2334 796 2407 et,
818 2344 917 2413 quum
933 2333 1146 2406 consumatur,
1164 2323 1217 2389 ci-

283 2435 372 2501 uibus
386 2436 562 2501 restituitur.
584 2436 763 2504 Mercatores
777 2437 848 2522 jure
863 2435 1048 2504 contendere
1066 2459 1129 2501 nou
1142 2434 1218 2523 pos-

285 2561 379 2631 sunt,
409 2551 571 2636 portitores
588 2543 726 2617 'illorum
755 2552 855 2644 rivere
881 2552 1055 2635 sumtibus,
1083 2571 1157 2615 nam
1183 2550 1215 2614 in

285 2672 474 2730 mercaturae
495 2664 692 2730 commodum
715 2678 786 2731 sunt
807 2666 963 2732 constituti
984 2676 1013 2730 et
1030 2656 1154 2748 curant,
1176 2686 1215 2728 ne

283 2775 361 2865 quid
382 2798 488 2875 epirum
514 2778 619 2866 legum
643 2780 678 2844 in
704 2778 843 2859 fraudem
865 2778 933 2862 fiet,
966 2798 1046 2869 quae
1071 2789 1105 2842 ut
1125 2799 1215 2844 mer-

282 2900 405 2956 caturae
426 2891 627 2981 prospiciatur
647 2892 727 2958 latae
748 2902 828 2973 suut.
855 2908 866 2933 ··
958 2962 964 2977 ,
1050 2914 1065 2981 f
1181 2892 1184 2899 '
1301 2902 1304 2915 “

313 3104 356 3175 (ι)
374 3086 419 3158 cr'
430 3109 492 3160 uns.
509 3106 574 3158 nuc.
591 3109 644 3183 ran
661 3125 725 3157 aas.
743 3109 772 3157 o.
790 3109 821 3158 s.
839 3109 987 3172 rosamo,
1004 3123 1059 3172 pag.
1074 3106 1132 3156 rsa.
