3120 5180
244 419 1228 468 mmmmmmaummummmouunmmmmmmmmmm

470 1041 986 1138 turnonucrlo

668 1375 829 1400 ...a-..-

415 1630 436 1716 §
461 1635 489 1695 l.
527 1629 718 1695 oeconomia
739 1628 885 1695 Potitios
908 1619 989 1714 quiri
1008 1627 1062 1689 eit.

318 1805 519 1908 Oeconomia
538 1839 666 1929 politica
674 1851 718 1905 est
728 1838 908 1926 disciplina,
926 1859 1005 1925 quae
1021 1834 1109 1901 docet
1125 1833 1204 1923 qui·
1311 1847 1339 1915 Q

269 1950 332 2017 bus
359 1952 456 2017 modis
484 1951 607 2017 divitiae
633 1954 667 2016 in
696 1953 817 2020 civitate
845 1960 1059 2038 procreantur,
1092 1946 1203 2012 distri·-

272 2063 411 2129 buuntur
430 2075 460 2127 et
475 2077 705 2129 consumuntur.
727 2041 842 2150 Sp'onte
857 2066 971 2153 cuique
986 2063 1101 2149 patebit
1116 2063 1204 2127 illam

273 2174 469 2262 disciplinam
496 2160 663 2239 attentione
695 2177 839 2239 omnium
874 2174 1055 2262 perdignam
1085 2197 1149 2239 esse
1175 2184 1205 2240 et

273 2286 425 2373 imprimis
443 2306 549 2350 eorum
572 2266 712 2373 quipad'
725 2309 860 2352 summos
879 2286 1010 2352 honores
1030 2287 1065 2350 in
1085 2287 1206 2352 civitate

272 2399 387 2484 vocati,
407 2392 655 2487 procurationem
675 2405 869 2489 negotiorum
892 2405 1006 2468 civium
1028 2404 1063 2465 in
1082 2425 1113 2466 se
1134 2424 1206 2466 sus-

272 2523 429 2597 ceperunt.
457 2513 554 2599 Saepe
574 2512 667 2596 hujus
690 2511 872 2599 disciplinae
894 2511 1108 2579 detrectatores
1129 2511 1206 2576 ani-

273 2623 499 2719 madverterunt
526 2625 649 2692 Veteres
674 2648 741 2691 eam
766 2626 859 2713 plane
881 2627 1052 2714 ignorasse,
1072 2625 1204 2714 ideoque

274 2738 360 2801 illam
388 2735 481 2803 hodie
506 2738 598 2803 etiam
621 2740 714 2825 plane
736 2759 954 2827 supervacuam
976 2762 1048 2804 esse.
1083 2738 1128 2801 Ex
1150 2739 1208 2803 in-

252 2850 390 2916 'dustria
422 2852 549 2916 illorum
579 2875 750 2939 perversam
780 2853 958 2940 opinionem
986 2853 1116 2931 refutare
1143 2874 1208 2916 non

274 2975 319 3033 est
338 2964 431 3049 hujus
452 2964 522 3031 loci.
550 2944 707 3052 Principia
737 2967 822 3032 enim
849 2968 1000 3032 nonnulla
1019 2965 1114 3051 hujus
1138 2962 1221 3062 disffi

275 3077 409 3164 ciplinae
426 3077 493 3162 jam
518 3078 553 3142 in
569 3076 716 3146 Veterum
737 3080 857 3167 scriptis
878 3089 1043 3146 occurrrmt
1066 3079 1131 3169 (1),
1155 3072 1211 3145 sed'

277 3191 356 3256 inter
384 3190 489 3255 laudes
515 3193 611 3256 nostri
634 3194 701 3257 aevi
722 3194 831 3258 merito
851 3194 997 3276 refertur,
1022 3191 1105 3279 quod
1126 3193 1204 3257 haec

276 3299 442 3385 disciplina
474 3303 571 3386 magis
598 3307 757 3393 magisque
786 3305 820 3366 in
849 3314 965 3368 certam
990 3305 1125 3367 formam
1154 3325 1210 3368 re-

277 3413 367 3480 dacta
388 3424 418 3479 et
438 3415 556 3481 exculta
577 3416 675 3481 fuerit.

305 3585 345 3656 (1)
361 3589 404 3638 Vir
419 3588 517 3638 iuvenis
527 3570 688 3637 ornatissimus
705 3588 737 3643 n
748 3589 775 3638 (ἶ.
794 3588 910 3638 Craton
925 3596 1021 3637 conatos
1039 3596 1090 3637 orat
1103 3588 1216 3637 veterum

271 3664 402 3731 sententias
418 3677 448 3728 orl
466 3680 621 3729 oeconomiam
638 3679 757 3744 politicam
774 3681 893 3729 ssoimtso.
904 3677 1018 3746 indagaro
1039 3689 1063 3728 st
1082 3679 1216 3745 explorare,

273 3769 315 3821 sed
328 3787 389 3820 mors
400 3781 547 3837 praematuro
557 3788 610 3821 oum
625 3769 711 3821 studiis
724 3781 748 3821 et
760 3773 842 3821 amicis
852 3773 901 3821 suis
913 3773 1013 3838 etipuit..
1031 3772 1078 3835 ns,
1095 3787 1155 3838 quae
1165 3772 1217 3835 jam

273 3862 391 3913 indefesso
399 3861 479 3912 laboro
489 3862 518 3912 (le
528 3863 571 3914 hoo
582 3872 719 3932 argumento
730 3864 863 3931 colligarat,
874 3865 928 3914 ouri
939 3865 992 3914 Viri
1004 3862 1133 3912 Clarissimi
1147 3862 1174 3912 C.
1186 3864 1216 3912 Α.

264 3934 321 4017 sna
336 3956 387 4005 Tu
403 3953 468 4006 edita
482 3965 538 4006 snat
553 3957 579 4007 in
594 3957 728 4027 Btjdropoo
744 3964 778 4006 ut
795 3955 1009 4024 repropetaorrlhoid
1022 3970 1053 4004 sn
1068 3959 1217 4023 wannoc,

278 4046 332 4096 Vol.
343 4048 386 4098 Vl.
404 4063 461 4115 pag.
473 4049 533 4097 ⁴1³.
1052 4059 1057 4070 '
