3120 5180
796 457 845 539 rt

413 728 415 737 .
458 673 478 759 §
500 680 529 738 t.
567 672 614 738 Da
636 677 742 738 curiit
760 673 886 751 morlia,
908 672 1027 761 quibua
1053 671 1203 735 divitior

708 798 929 873 procrearetur.

405 985 482 1051 Cum
504 988 570 1073 jam
591 1011 681 1075 supra
702 989 735 1078 (§
756 988 791 1078 3)
813 991 973 1063 notionem
994 987 1213 1057 tradiderimus·
1230 986 1286 1053 di.

357 1101 519 1182 citiarum,
537 1123 607 1171 ,non
632 1101 744 1171 inutile
767 1102 885 1171 videtur
914 1104 1022 1167 ultimo
1048 1103 1116 1169 loeo
1140 1099 1285 1188 indagare
1356 1088 1359 1095 ’

359 1216 536 1301 praecipuos
557 1212 679 1298 modos,
701 1216 813 1303 quihus
834 1218 906 1283 illae
929 1219 962 1281 in
983 1217 1104 1287 civitate
1125 1216 1271 1281 oriantur.

402 1325 554 1391 Industria
579 1327 758 1412 hominum,
782 1351 861 1416 quae
886 1340 1045 1418 tamquam
1070 1331 1138 1395 lons
1158 1328 1287 1394 divitia-

358 1461 428 1503 rum
449 1438 666 1507 consideranda
686 1452 746 1525 est,
776 1444 939 1529 praecipua
956 1443 1118 1511 adhibetur
1142 1443 1178 1507 in
1198 1443 1287 1528 agri-

358 1555 494 1637 cultura,
521 1555 720 1623 fabricatione
736 1576 839 1623 rerum
859 1567 889 1621 et
905 1567 1086 1627 mercatura.
1118 1556 1287 1642 Scriptores

357 1690 408 1731 car
426 1678 535 1734 vocant
551 1669 676 1734 cloacae
690 1669 894 1765 influatriae,
913 1692 1019 1736 omnes
1036 1681 1150 1739 ceteros
1163 1667 1285 1750 modos,

357 1780 472 1866 quibua
490 1779 613 1863 divitiae
632 1784 786 1869 procreari
802 1758 944 1869 possuit,
965 1781 1004 1847 ad
1025 1782 1094 1846 illae
1112 1782 1285 1847 relerentes.

356 1892 408 1960 Sic
430 1891 469 1960 ad
490 1895 725 1979 agriculturam,
745 1897 960 1980 piscationem,
978 1896 1147 1982 aucupium
1166 1906 1196 1960 et
1213 1917 1287 1962 me-

356 2004 501 2069 tallorum
516 2006 673 2103 ‚fossuram
694 2008 837 2073 referunt
871 2008 972 2074 Minus
991 2021 1132 2077 accurate
1152 2010 1287 2096 prolecto

356 2117 401 2184 eic
422 2118 518 2185 locuti
540 2130 626 2204 suut,
656 2143 729 2192 uam
755 2122 841 2189 nulla
872 2134 954 2190 certe
981 2134 1025 2189 est
1048 2124 1178 2193 affinitas
1199 2124 1287 2211 agri-

356 2232 508 2297 culturam
521 2281 524 2285 .
539 2235 620 2301 inter
640 2247 670 2301 et
692 2237 906 2319 piscationem
937 2234 988 2298 sed
1020 2237 1135 2300 factum
1163 2248 1223 2317 est,
1251 2246 1287 2298 ut
1387 2252 1388 2255 ’

357 2366 463 2412 omnes
479 2344 580 2430 modi,
596 2347 710 2436 quihus
721 2345 844 2412 divitiae
855 2356 1058 2433 procreantur
1065 2360 1080 2427 ,¹
1090 2345 1129 2411 ad
1141 2347 1210 2411 illas
1224 2358 1285 2412 tres

356 2472 536 2529 memoratae
557 2462 677 2531 classes*
689 2463 856 2551 reserantur
876 2459 933 2549 (1).

359 2644 362 2647 ,
399 2574 538 2639 Primum
560 2571 716 2637 rideamus
737 2572 775 2639 de
797 2574 993 2659 agricultura.

400 2683 533 2755 Colonus
567 2684 699 2772 possidat
728 2687 794 2773 ipse
815 2700 876 2753 aut
907 2689 947 2754 ab
974 2690 1036 2753 alio
1063 2691 1286 2777 promercale

354 2798 488 2890 quadam
508 2786 671 2869 con'stituta
697 2801 806 2865 locavit
826 2820 950 2884 agrum,
975 2821 1069 2885 quem
1096 2780 1287 2886 magnola-

356 2915 436 2979 bore
448 2923 554 2998 mum
573 2909 673 2988 reddit
689 2908 871 2995 recipiendis
889 2910 1066 2979 seminihue
1090 2911 1285 3002 Quamquam

356 3048 443 3112 saepe
458 3046 522 3097 nou
537 3045 681 3110 maguam
696 3024 842 3099 frumenti
859 3025 1060 3115 quantitatem
1076 3038 1172 3093 terrae
1192 3050 1285 3093 com-

254 3128 257 3133 *
356 3140 469 3222 mittat,
495 3138 701 3209 tarueulaete,
720 3147 870 3222 exspectat
892 3149 1027 3224 tempus,
1051 3161 1113 3228 quo
1139 3141 1285 3207 fruman-

357 3266 423 3321 tum
443 3255 702 3340 falcibueaptum
724 3252 795 3335 erit,
820 3252 893 3341 quia
916 3252 945 3317 ci
971 3251 1051 3323 illud
1077 3265 1152 3322 tunc
1178 3256 1284 3340 vicies,

356 3370 575 3457 quinquagies,
599 3370 663 3435 imo
683 3390 772 3455 saepe
784 3368 920 3453 octogies
939 3367 1071 3457 (ratione
1088 3370 1212 3455 majoris
1232 3383 1285 3439 aut

357 3482 485 3546 minoris
505 3483 571 3568 agri
595 3481 757 3546 fertilitatis
781 3492 810 3545 et
834 3482 1020 3569 tempestatis
1047 3480 1208 3568 secundae)
1226 3506 1283 3547 re·
1324 3514 1325 3517 ¹

356 3593 447 3675 feret,
470 3598 553 3681 quod
577 3591 745 3656 seminavit
776 3589 852 3656 lude
873 3594 949 3678 petit
976 3613 1092 3657 merces
1120 3593 1281 3659 locationis

355 3708 437 3796 agri,
460 3705 531 3772 inde
553 3687 668 3770 solvere
689 3714 786 3792 potest
803 3706 988 3773 famulorum
1002 3709 1158 3792 praestitae
1176 3732 1281 3797 operae

337 3798 387 3887 ‘et
406 3820 479 3903 inde
498 3821 607 3904 habet,
629 3842 690 3908 quo
712 3819 803 3885 vitam
826 3842 911 3885 ruam
931 3830 961 3886 et
979 3842 1103 3921 suorum
1125 3833 1279 3891 sustentet.

384 4034 421 4136 (l)
438 4069 474 4117 Cf.
484 4071 528 4120 vir
537 4071 603 4120 Boot.
615 4069 644 4119 lt.
654 4069 760 4135 ὅτοισι,
777 4087 816 4136 op.
828 4066 891 4118 lauti.
909 4069 972 4119 lom.
986 4070 1006 4118 l.
1023 4084 1075 4133 cap.
1087 4071 1112 4119 4.
