3120 5180
690 510 730 573 93

250 719 303 774 est
318 706 437 772 Sensim
451 706 624 793 sensimque
636 701 795 790 vectigalia
809 702 843 767 in
853 699 1101 787 importationem
1114 721 1173 785 pe-

250 822 438 908 regrinarum
453 834 556 903 rerum
573 819 698 904 scripta,
714 815 941 896 diminuantur,
957 824 992 877 ut
1007 815 1049 880 sic
1061 813 1173 878 sensim

248 933 287 999 ad
309 935 432 1020 plenam
453 933 624 1001 libertatem
644 928 804 999 accedatur
825 925 882 1018 (1).
923 925 1055 1013 Opificcs
1072 928 1097 989 si
1112 923 1173 1001 de,-

249 1059 373 1134 repente
395 1047 562 1133 peregrinis
578 1042 673 1109 libera
695 1041 911 1121 concederetur
929 1038 1117 1126 importatis,
1139 1038 1172 1100 in

245 1181 387 1225 summas
404 1159 613 1247 redigerentur
632 1156 793 1244 angustias.
810 1180 814 1186 ·
829 1153 897 1217 Non
922 1154 1022 1218 solum
1045 1151 1174 1215 amitte-

251 1282 319 1337 rent
346 1271 395 1334 illi
411 1293 565 1363 'magnam
580 1280 697 1357 partem
723 1268 866 1350 sortium,
888 1288 963 1354 quas
990 1266 1024 1329 in
1051 1263 1174 1330 aedium

251 1383 449 1449 necessariam
465 1383 707 1457 aedificationem
721 1380 825 1447 autad
839 1379 1071 1466 comparandas,
1086 1369 1174 1465 saepe

253 1506 435 1580 summosses,
458 1497 616 1561 machinas
636 1495 787 1575 adhibere
808 1495 980 1559 debuerunt
1003 1494 1094 1575 olim,
1122 1492 1175 1558 sed

251 1611 343 1675 etiam
368 1632 432 1679 non
463 1611 564 1674 statim
592 1610 657 1695 sihi,
681 1611 793 1697 eligere
820 1619 942 1694 possent
970 1605 1054 1671 aliud
1080 1626 1175 1693 genus

188 1738 193 1748 ’
242 1722 435 1805 industriae,
461 1723 501 1787 in
522 1744 584 1810 quo
610 1745 715 1808 operas
742 1733 864 1787 suaset
894 1731 987 1785 sortes
1013 1719 1174 1806 collocent.

216 1870 221 1883 ι
253 1838 475 1903 Detrimentum
498 1826 645 1924 magnum
668 1838 738 1905 illos
760 1837 820 1902 hoc
840 1834 932 1912 modo
954 1858 1092 1921 passuros
1113 1858 1176 1900 esse

253 1952 463 2037 unnsquisque
482 1953 626 2035 agnoscit.
651 1949 711 2016 Sed
728 1939 875 2029 libertatis
892 1944 1093 2017 mercatoriae
1104 1950 1179 2014 lau·-

253 2073 332 2128 tores
352 2083 416 2125 non
434 2072 558 2146 urgent,
581 2072 616 2125 ut
637 2065 738 2141 statim
753 2080 864 2129 omnes
876 2064 1078 2149 prohibitione
1095 2065 1177 2150 leges

255 2177 409 2242 tollentur.
448 2175 569 2247 Volunt
592 2184 621 2239 et
652 2172 779 2249 suadent
805 2185 925 2238 tantum
948 2187 982 2238 ut
1009 2197 1114 2239 earum
1143 2177 1202 2256 in,

257 2300 413 2376 posterum
434 2308 579 2359 numerus
606 2306 670 2350 non
695 2296 840 2373 augeatur
867 2297 897 2352 et
921 2298 957 2350 ut
983 2287 1070 2371 illae,
1099 2311 1178 2377 quae
1287 2292 1292 2307 '

253 2402 319 2487 jam
338 2402 456 2488 vigent,
479 2400 591 2465 sensim
617 2400 790 2488 sensimque
815 2400 932 2485 possint
950 2400 1027 2464 tolli.
1062 2401 1179 2469 Verum

257 2514 382 2605 quidem
409 2524 453 2579 est
484 2510 693 2598 opificiorum‚
728 2510 850 2600 quando
882 2513 1050 2599 peregrinis
1081 2513 1179 2579 libera

257 2626 430 2714 importatio
461 2622 638 2691 conceditur
660 2624 793 2690 diminui
820 2649 922 2711 posse,
946 2612 1002 2692 sed
1021 2637 1102 2715 patet
1124 2628 1179 2693 illa

256 2761 365 2829 parum
386 2739 500 2806 civitati
519 2737 659 2826 prodesse
682 2741 745 2802 imo
768 2714 943 2821 necera'si
963 2751 1084 2804 tantum
1104 2765 1181 2808 rec-

206 2927 210 2932 ,
234 2890 239 2897 ‹
257 2828 397 2942 tigalium
416 2876 474 2939 ope
488 2844 526 2917 'et
544 2853 665 2938 legum,
682 2873 761 2940 quae
779 2863 911 2917 exteram
929 2852 1093 2938 prohibent
1112 2854 1180 2917 im-

258 2968 458 3053 portationem
484 2974 597 3029 exstare
620 2973 745 3050 possunt
774 2960 831 3053 (2).
871 2964 970 3051 Supra
999 2964 1084 3029 enim
1114 2963 1180 3049 jam

260 3075 528 3141 animadvertimus
537 3076 696 3163 priuilegia
708 3085 791 3141 certo
803 3078 908 3163 generi
924 3075 1090 3143 industriae
1101 3101 1181 3144 con-

261 3211 358 3273 cessa,
374 3187 492 3254 divitias
508 3211 669 3275 procurare
683 3189 735 3273 iis,
750 3189 807 3276 qui
824 3188 1002 3274 hujusmodi
1015 3191 1182 3278 privilegiis

262 3301 409 3390 gaudent,
433 3300 485 3368 sed
506 3304 574 3368 illas
596 3302 714 3369 divitias
736 3325 838 3369 revera
864 3315 1000 3369 constare
1024 3315 1143 3368 tantum
1165 3329 1183 3371 e

262 3415 391 3499 damno,
414 3415 496 3505 quod
518 3439 621 3483 omnes
642 3416 799 3504 patiuntur
821 3427 1040 3482 consumentes.
1074 3417 1182 3483 libera

258 3558 335 3615 ‚cum
352 3534 440 3602 datur
458 3537 631 3624 importatio
646 3536 748 3602 omnia
762 3535 816 3601 illa
830 3536 988 3624 privilegia
1002 3550 1184 3604 evanescunt

242 3683 289 3693 ιμ-

250 3752 255 3757 “
290 3752 331 3824 (1)
344 3756 409 3805 llanc
424 3744 537 3809 rationem
548 3775 629 3810 revera
644 3762 711 3826 sequi
726 3761 827 3812 voluisse
842 3759 936 3812 videtur
950 3761 994 3811 vir
1000 3759 1069 3824 1101).
1085 3760 1190 3810 llosxts·

258 3862 310 3899 sos.
335 3849 373 3900 ct.
391 3850 587 3911 Constdorotr‘ons
605 3868 649 3902 ser
666 3854 692 3902 lo
706 3851 809 3918 reformo
829 3854 1137 3918 commotionemque
1155 3851 1190 3900 le·

257 3950 346 4007 guntur
362 3943 389 3992 in
401 3944 480 4014 liesca
496 3945 599 4010 Eurycl.
613 3943 668 3998 tae
684 3946 760 3994 1829.

293 4030 331 4102 (2)
347 4034 384 4085 Cf.
403 4035 509 4103 sicca,
530 4053 560 4103 op
582 4035 600 4085 1.
620 4036 654 4085 11.
672 4051 727 4117 pag.
745 4035 888 4104 tmesis,
908 4052 946 4102 op.
965 4034 985 4085 l.
1004 4035 1070 4088 tom.
1091 4034 1114 4087 1.
1134 4052 1190 4104 pag.
1292 4077 1297 4101 ,

260 4120 310 4175 100
326 4132 350 4171 et
364 4126 422 4176 llll.
