3120 5180
704 414 743 476 {7

170 631 172 634 ’
276 648 281 669 .
301 603 389 671 Mudti
406 605 565 690 scriptores
583 615 769 691 negaverant
784 612 986 668 mercaturam
1002 619 1095 665 novos
1107 614 1187 680 pro-

256 717 368 784 ducere
391 720 521 800 satores,
549 718 670 784 otides
691 728 873 805 putaverunt
894 717 981 780 illam
997 712 1119 780 divitias
1134 710 1186 773 ci-

132 820 142 830 *
254 833 381 897 vitatum
399 812 514 918 angere
532 854 594 897 non
619 844 715 918 posse.
739 831 803 895 alii
822 842 943 910 autem,
962 848 1034 893 cum
1050 823 1187 889 riderent

162 978 170 985 „
249 947 414 1035 historiam
420 949 588 1015 multorum
600 948 784 1034 populorum
794 946 868 1010 huic
880 942 1045 1009 sententiae
1056 938 1184 1002 minime

169 1128 173 1129 γ
249 1063 367 1145 favere,
383 1061 765 1143 contenderuntluerum,
786 1057 870 1149 quod
890 1054 1061 1122 venditores
1076 1053 1184 1139 perci-

244 1177 357 1260 piunt,
379 1199 498 1264 semper
511 1178 596 1244 nasci
612 1200 629 1243 e
643 1176 775 1257 damno,
787 1171 868 1263 quod
887 1170 1022 1237 sentiunt
1036 1179 1176 1232 emtores.
1234 1174 1236 1178 ’

297 1289 415 1356 Verum
443 1291 570 1380 qnidam
597 1302 657 1375 est,
689 1300 891 1357 mercaturam
922 1295 1013 1351 notas
1045 1307 1092 1349 res
1123 1304 1186 1346 non

253 1403 402 1487 proferre,
423 1400 482 1469 sed
494 1416 675 1472 mercatores
692 1427 739 1470 res
752 1403 823 1469 aliis
842 1403 876 1466 in
896 1399 1072 1486 regionibus
1092 1407 1187 1463 emtas

252 1517 315 1582 bne
337 1516 446 1584 advehi
465 1531 590 1601 curant,
620 1519 703 1584 unde
726 1521 802 1585 haec
822 1517 918 1582 oritur
942 1514 1074 1593 utilitas,
1102 1509 1188 1599 quod
1219 1502 1229 1613 i,

251 1630 372 1695 incolae
402 1630 497 1715 hujus
524 1632 658 1717 regionis
685 1632 722 1695 iis
743 1631 788 1694 uti
810 1628 943 1714 possint,
967 1624 1062 1690 etita
1085 1622 1188 1687 rerum

251 1743 381 1808 utilitas·
394 1756 540 1831 augemu-
566 1745 744 1815 ‚Discrimen
769 1744 849 1806 inter
873 1740 1131 1805 valorem-rerum
1155 1736 1189 1799 in

252 1859 392 1944 regione,
412 1881 473 1946 qua
492 1866 639 1923 emuntur
660 1868 691 1922 et
713 1858 746 1921 in
765 1879 818 1938 ea,
835 1877 899 1943 qua
919 1851 1110 1941 venduntur,
1133 1850 1189 1913 lu-

224 1980 341 2032 'orum
373 1973 548 2036 mercatoris
579 1971 706 2052 definit,
741 1970 889 2056 impensis
921 1964 1186 2053 transportationis

252 2079 399 2147 deductis.
417 2060 527 2146 'Nemo
546 2082 695 2146 damnum
714 2084 820 2162 sentit,
843 2103 916 2145 nam
937 2081 961 2143 ii
981 2081 1095 2167 quihus
1111 2079 1186 2143 illae

252 2201 307 2259 res
328 2195 514 2260 necessariae
540 2206 570 2258 et
592 2194 688 2266 utiles
705 2204 791 2274 sunt,
823 2192 1023 2258 consentiunt
1043 2190 1083 2261 ad
1108 2213 1188 2276 pre-

249 2308 347 2390 tium,
359 2307 444 2396 quod
462 2308 734 2396 erigitmercator,
752 2304 948 2388 solnendum,
972 2327 1044 2371 eum
1056 2305 1189 2393 ipsqui

229 2423 335 2486 illas,
352 2445 398 2487 res
428 2421 646 2504 vendiderunt,
677 2420 813 2507 'pretium
843 2419 949 2484 etiam,
964 2419 1104 2484 oblatam
1131 2418 1185 2498 sit,

250 2544 306 2621 pto
326 2555 389 2623 quo
412 2512 631 2600 consenserunt
653 2557 768 2602 merces
789 2556 858 2599 suas
879 2531 1005 2601 tradere.
1035 2531 1133 2597 Nemo
1147 2533 1188 2595 ,in
1217 2538 1220 2541 ’

166 2691 169 2699 =
252 2659 421 2714 mercatura
440 2649 618 2736 cogiturnd
645 2648 789 2716 emendas
812 2658 866 2714 aut
891 2645 1063 2713 vendendas
1084 2669 1131 2711 res
1155 2656 1187 2710 et

251 2762 388 2851 utrisque
415 2764 569 2850 partibus,
592 2763 707 2846 idest,
729 2750 990 2834 venditoribuset
1019 2760 1187 2838 emtoribus

248 2878 393 2944 satisfecit
404 2890 569 2963 mercator3
582 2879 671 2943 nulla
681 2879 776 2966 igitur
785 2856 890 2943 adesse
901 2887 998 2962 potest
1009 2872 1170 2964 laesio(1).
1281 2919 1284 2923 .

296 2988 472 3055 &rendum
500 2993 593 3056 etiam
615 3003 675 3073 est,
705 3015 746 3057 ne
775 3014 846 3057 cnm
875 2991 913 3055 iis
938 2990 1187 3077 faciamus,jqui

250 3084 450 3169 memoratam
475 3096 656 3171 enrenuab
677 3101 803 3193 (nempe
829 3102 911 3193 qnod
932 3105 1053 3168 lucrum
1076 3101 1185 3182 umus,

247 3208 399 3281 damnum
418 3213 581 3278 constituat
604 3212 745 3301 alterins)
766 3225 924 3305 tamquam
948 3234 1054 3283 veram
1070 3236 1187 3300 agnos-

251 3331 369 3403 centes,
387 3333 523 3389 statuum
537 3337 739 3425 mercaturam
752 3337 890 3409 tantum,
908 3346 1071 3415 quaecum
1085 3338 1184 3407 extera

250 3434 381 3524 quadam
403 3437 528 3524 regione
547 3439 664 3525 agitur,
689 3437 809 3506 divitias
829 3440 1002 3527 visitantibus
1024 3437 1184 3529 afferrept

249 3571 373 3615 omnem
389 3551 567 3619 interiorem
582 3554 729 3643 rejiciunt
739 3564 951 3623 mercaturam.
979 3556 1022 3622 Er
1035 3555 1185 3623 industria

247 3663 374 3728 illorum
399 3647 580 3732 sententiam
603 3669 743 3734 refutarit
763 3669 845 3752 Sap,
872 3692 920 3756 op.
944 3668 1026 3735 laud.
1042 3668 1181 3735 roms-1.

249 3801 318 3865 pag.
339 3783 404 3846 378
433 3793 463 3848 et
489 3785 563 3848 405.
604 3783 714 3850 Variae
742 3758 1041 3874 erpiieandae'sunt
1067 3783 1182 3873 species

247 3905 452 3981 mercaturae,
477 3897 526 3960 vel
548 3898 624 3963 rarii
645 3896 746 3982 modi,
769 3900 883 3987 quibus
900 3923 935 3965 ea
959 3900 1068 3986 agitur.
1157 3958 1161 3965 .

242 4003 471 4022 t-——u--n-

279 4042 320 4112 (ὅ)
338 4046 376 4097 cf.
385 4046 411 4098 J.
420 4047 450 4098 n.
463 4045 657 4097 luo-cutmen’s
671 4049 824 4099 Modestus
835 4049 878 4099 dar
892 4049 1024 4100 Poltts'sehs
1035 4046 1174 4101 'creationis
1181 4085 1190 4112 ,

242 4141 297 4193 pag.
307 4128 349 4178 99.
369 4130 475 4197 stutgart
487 4131 561 4181 10³1.

1015 4204 1034 4263 2
