3120 5180
788 438 862 542 Μ’

390 672 462 758 58.
495 669 694 760 “Expertotr'o
718 684 880 739 emtum
901 646 1058 738 marcium
1082 673 1154 739 ideo
1179 684 1229 739 ut

451 787 670 876 probibendo,
693 790 773 876 quia
794 789 897 854 libero
916 811 990 853 eum
1011 786 1162 867 duretur,

492 944 495 945 ν
564 902 704 967 illarum
724 905 817 989 copia
837 902 926 967 brevi
945 901 1055 966 deerit.

387 1126 570 1212 Prudentia,
604 1150 698 1218 quam
730 1129 886 1215 principes
919 1130 952 1192 in
983 1126 1113 1195 civitatis
1142 1127 1275 1213 negotiis

342 1238 591 1307 administrandis
613 1241 760 1307 adbibere
781 1241 911 1324 debent,
933 1240 1059 1307 suadere
1081 1243 1119 1307 iis
1137 1240 1271 1323 ridetur,
1317 1325 1321 1332 1

343 1375 383 1418 ne
413 1375 519 1418 earum
552 1355 702 1431 mercium
738 1356 836 1421 libera
868 1355 1051 1422 concedatur
1087 1359 1281 1444 exportatio„
1303 1386 1317 1405 κ

342 1486 473 1554 quarum
500 1470 589 1555 copia
606 1492 638 1533 ‘a
663 1454 775 1534 ¹natura
805 1470 881 1557 ipsa·
898 1467 1024 1534 definita
1051 1481 1110 1554 est,
1140 1483 1170 1535 et
1195 1492 1272 1559 quas

342 1583 493 1668 proferre,
509 1592 677 1672 quartrmre
691 1586 893 1674 quantitatem
910 1607 1037 1672 augere,
1052 1586 1197 1651 mortales
1209 1607 1271 1649 non
1295 1584 1298 1587 ’

340 1688 451 1761 valent
486 1698 633 1785 Exemplo
653 1700 807 1766 illustrare
822 1711 972 1766 conantur
989 1706 1204 1784 argumentum
1218 1697 1273 1760 al-

340 1810 437 1875 latum
460 1822 491 1877 et
509 1811 593 1876 baud
614 1811 741 1880 difficile
761 1838 827 1880 esso
847 1824 955 1900 prust
974 1809 1147 1893 ostendere,
1170 1833 1272 1899 qure-

340 1914 415 1988 nam‘
430 1937 606 2012 quantaque
620 1927 787 1990 imminent
803 1926 939 2012 pericula
963 1925 1094 2008 civitati,
1118 1946 1198 2013 quae
1219 1935 1273 1990 te-

290 2090 296 2094 .
339 2054 423 2099 mere
445 2034 575 2099 liberam
593 2034 704 2100 harum
727 2039 876 2104 mercium
894 2039 1134 2126 exportationem
1152 2040 1278 2113 civibm.

339 2147 496 2215 concessit.

384 2259 538 2325 Carbones
554 2261 671 2325 fossiles
693 2252 898 2351 (steenk'olen)
906 2308 919 2338 ,
936 2283 1013 2349 qnos
1036 2262 1196 2327 nonnullis
1214 2286 1271 2329 re-

340 2376 483 2462 gionibus
513 2386 622 2439 natura
653 2373 738 2461 larga
767 2396 862 2440 manu
889 2374 1013 2441 donavit
1039 2384 1070 2445 et
1098 2397 1182 2463 quos.
1200 2376 1273 2447 aliis

340 2500 445 2555 contra
460 2490 552 2575 plane
565 2488 730 2569 recusarit,
753 2490 864 2552 merito
878 2486 972 2555 bodie
991 2489 1071 2555 inter
1088 2513 1138 2555 eas
1155 2510 1272 2557 merces

340 2612 557 2682 numerantur,
582 2580 711 2687 qdarum
734 2618 846 2687 magna
866 2603 968 2689 agitur
987 2615 1167 2670 mercatura.
1197 2605 1271 2668 ‘Ex‘—

341 2712 598 2803 pericntia'enim
617 2713 732 2781 ‘docuit
760 2716 830 2780 illos
854 2715 1003 2801 majorem
1029 2712 1158 2802 gradum
1183 2714 1215 2780 in
1239 2712 1283 2782 s‘e'

339 2830 498 2896 continere
521 2829 648 2909 caloris,
670 2849 765 2915 quam
787 2829 982 2912 lignumlaut
1000 2828 1080 2892 aliae
1104 2851 1168 2910 res,
1190 2850 1283 2916 quae,

339 2944 572 3009 comburuntur.
604 2940 715 3003 Mirum
733 2941 827 3027 igitur
844 2951 983 3023 nonest,
1003 2964 1054 3007 eos
1072 2943 1107 3006 in
1125 2943 1275 3007 omnibus

341 3058 436 3121 ferme
453 3054 583 3120 officinis
603 3053 758 3138 adbiberi,
781 3076 853 3120 cum
867 3066 901 3121 ‘et
921 3056 1019 3141 pretio
1041 3056 1132 3142 longe
1150 3058 1275 3122 minore

342 3194 407 3237 sese
427 3156 643 3239 commendent
665 3166 724 3258 (l).
761 3167 839 3232 Cum
861 3166 955 3257 igitur
979 3168 1122 3256 appareat
1142 3158 1270 3259 illorum

342 3306 494 3349 summam
511 3306 575 3351 esse
596 3283 775 3366 utilitatem,
801 3292 917 3369 oportet
934 3258 1089 3348 ciritatbm
1106 3276 1282 3379 gubernass'

341 3410 421 3464 tores
435 3404 572 3480 curare,
583 3421 622 3463 ne
638 3399 676 3463 iis
694 3398 859 3463 abutantur
876 3397 955 3465 circs
978 3406 1009 3461 et
1028 3394 1281 3479 ob‘strieti„sunt,⁸

343 3512 368 3577 si
386 3511 500 3576 civitati
514 3512 687 3598 prospicere
709 3532 812 3578 revera
831 3510 939 3592 velint,
963 3507 1001 3574 ad
1015 3507 1154 3576 ferendas
1165 3509 1273 3595 leges,

341 3627 454 3716 quibus
476 3626 601 3716 illorum
622 3624 807 3711 impediatur
827 3612 1001 3710 exportatio

722 3730 727 3755 ,
858 3734 881 3746 ,.

371 3810 408 3883 (1)
425 3813 552 3861 Erroneam
570 3811 710 3861 sententiam
727 3809 831 3876 prolerre
847 3825 894 3858 non
910 3815 966 3856 sont
979 3802 1073 3854 dicendi
1089 3804 1138 3870 itti,
1155 3807 1199 3872 qni
1214 3820 1275 3853 roa-

338 3902 451 3975 tendnnt,
469 3905 595 3954 carbonum
611 3903 726 3953 tossiiinm
742 3900 899 3952 abundantiae
915 3898 1024 3965 buglirm
1039 3914 1087 3947 nou
1101 3900 1208 3964 exigerent
1219 3912 1275 3963 pur-

338 4006 386 4046 tem
398 3995 463 4046 ssoris
474 3994 572 4063 debere,
591 4015 636 4065 quo
646 3990 749 4064 gendent
759 3995 846 4044 multae
858 3991 976 4057 officinae,
994 4008 1053 4059 quse
1066 3990 1101 4041 lbi
1112 3993 1274 4040 inveniuntur.

340 4088 376 4143 (lt.
388 4086 416 4139 P.
427 4086 469 4139 W.
481 4088 511 4138 Αἰ
523 4089 681 4155 (torruerit,
699 4102 761 4154 spec.
776 4084 841 4137 trud.
855 4090 913 4152 pag:
921 4087 968 4133 ent
982 4094 1006 4135 et
1016 4086 1116 4133 radone
1128 4083 1162 4132 ibt
1173 4079 1237 4133 tend.
