3120 5180
800 444 844 508 86

360 636 527 705 tribuerunt
551 646 584 699 ut
612 636 728 721 petrino
754 635 920 702 industriae
946 636 1168 723 prospicerent,
1197 637 1294 722 piune

363 751 552 816 contrarium
572 747 647 838 quid
668 747 761 814 efficit
779 760 811 816 et
833 760 988 815 causaest
1010 751 1177 816 multarum
1199 751 1290 816 cala·-

362 865 513 928 mitutum.

408 976 578 1050 Audiamus
591 977 658 1062 jum
676 989 853 1063 arguments
871 978 985 1066 quibus
1002 979 1131 1063 probare
1143 988 1297 1042 conentur>

365 1091 525 1179 scriptores
553 1080 651 1178 legesp
684 1114 763 1179 quse
790 1093 1036 1179 importatioueru
1064 1092 1295 1178 peregrinarum

364 1205 518 1271 mercium·
535 1203 715 1290 prohibent,
734 1204 827 1268 simul
848 1204 1088 1291 exportationem
1110 1224 1215 1269 rerum
1235 1224 1297 1290 ps-

364 1318 494 1382 trisrum
518 1314 678 1402 impedire.

402 1429 482 1495 ¹Jsm
513 1452 605 1516 supra
634 1430 825 1495 observatum
856 1442 900 1497 est
929 1453 993 1495 uon
1021 1454 1128 1498 omnes
1159 1431 1303 1518 regiones

368 1541 599 1630 eosdemplene
614 1544 894 1629 proferebamus,
914 1543 966 1610 sed
980 1546 1161 1632 sapientiam
1178 1545 1301 1608 Summi

368 1657 512 1722 Numinis
533 1656 692 1721 nonnullis
710 1657 887 1743 regionibus
902 1669 999 1725 certas
1019 1681 1067 1725 res
1082 1651 1205 1725 abunde
1219 1679 1300 1724 con-

372 1772 510 1855 cessisse,
533 1771 654 1859 ⁴quibus
682 1772 760 1836 eliae
793 1771 942 1859 indigent.
982 1771 1165 1837 Commercii
1185 1781 1300 1839 ¹sutem

374 1908 432 1972 ope
470 1886 590 1952 incolae
622 1884 865 1973 uniuscujusque
895 1886 1029 1970 regionis
1057 1906 1163 1953 omnes
1185 1885 1307 1951 fructus

374 1998 464 2063 totius
479 1997 567 2063 urhis
580 2007 728 2081 terrarum
743 2018 919 2082 comparere
931 1997 992 2060 sibi
1006 2009 1140 2083 possunt
1164 1995 1225 2069 Sed
1237 1998 1301 2080 illi,

375 2113 429 2202 qui
447 2111 694 2198 importstionem
714 2122 884 2176 exterarum
900 2112 1051 2177 mercium
1074 2112 1239 2199 prohibent
1256 2112 1306 2177 ret
1359 2152 1361 2163 ι

375 2227 548 2315 impediunt
562 2228 627 2311 sps
647 2228 706 2290 sibi
725 2226 854 2292 demunt
875 2227 1061 2312 uoluptatem
1084 2227 1175 2292 rebus
1197 2223 1306 2291 uoendi

374 2341 574 2429 fruendique,
594 2360 674 2428 qius
694 2340 788 2405 ritum
806 2340 1025 2426 jucundiorem
1046 2339 1185 2409 reddunt.
1222 2339 1311 2407 Pro·

376 2456 443 2542 pria
463 2454 618 2519 rennuis
639 2476 671 2520 se
687 2454 825 2538 obligant
841 2452 880 2519 sd
899 2476 950 2519 eas
969 2464 1088 2518 tuntum
1105 2455 1200 2520 resin
1214 2474 1306 2519 usum

378 2566 587 2647 ari-bibendos,
617 2581 697 2652 quse
724 2566 759 2629 in
789 2567 886 2652 petria
917 2568 983 2654 ipss
1011 2569 1219 2653 inveniuntur.
1255 2569 1311 2635 Sic

380 2681 483 2747 solum
511 2679 644 2766 putrium
675 2680 745 2766 cogi
773 2681 874 2767 coepit
904 2680 943 2745 ud
957 2703 960 2709 ·
973 2683 1167 2769 proferendus
1193 2706 1241 2748 res
1268 2679 1308 2746 ud

333 2800 335 2804 ’
379 2818 456 2885 quos
472 2792 621 2862 colendas
639 2791 672 2858 id
689 2796 792 2859 minus
808 2805 857 2860 'est
878 2808 1000 2880 uptum3
1023 2798 1068 2863 sic
1086 2819 1202 2887 userces
1224 2818 1308 2860 con-

378 2911 471 2978 ficere
490 2910 664 2976 debuerunt
689 2907 812 2993 opifices
834 2908 869 2975 io
894 2908 1063 2976 industriae
1085 2906 1307 2997 generibus'sd

381 3045 461 3112 quus
482 3019 637 3087 tractanda
658 3022 716 3107 ipsi
734 3033 842 3093 satura
860 3024 966 3091 minus
980 3037 1065 3091 erunt
1084 3028 1233 3094 instructi.
1258 3026 1310 3092 Sic

381 3137 477 3202 insitu
489 3146 607 3201 nutura
622 3152 703 3201 urano¹
722 3138 819 3223 pretio
839 3161 887 3205 res
901 3139 1126 3222 conficiuntur,
1153 3163 1232 3229 quse
1254 3163 1314 3228 pro
1406 3188 1414 3207 ,

381 3249 510 3317 dimidiu
546 3261 632 3337 parte
670 3252 760 3338 pretii
793 3253 935 3320 meliores
961 3253 1044 3341 apud
1073 3238 1162 3320 alius'
1181 3256 1313 3342 populos

383 3365 502 3453 acquiri
520 3365 697 3448 potuissent
730 3364 809 3433 Etsi
828 3378 953 3432 censam
976 3376 1104 3455 quaeras
1117 3368 1213 3453 hujus
1234 3391 1313 3455 per-

383 3499 486 3544 versae
507 3478 633 3541 rationis
651 3475 778 3564 egendi,
802 3479 958 3565 responsio
975 3480 1033 3545 erit
1048 3501 1116 3545 cern
1136 3482 1227 3547 situm
1247 3503 1314 3546 esse

384 3592 419 3656 in
440 3591 559 3677 vulgari
581 3591 740 3678 opinione,
766 3591 926 3657 commodo
954 3595 1046 3657 unius
1072 3568 1170 3680 gentis
1192 3614 1313 3680 semper

384 3705 509 3771 atterius
534 3727 614 3770 esse·
632 3706 787 3792 oppositu3
820 3726 918 3794 quum
938 3707 1184 3797 uniuscujusque
1206 3705 1314 3795 populi

386 3817 583 3885 commodum
613 3839 676 3884 esse
702 3830 859 3885 censeatur
890 3843 1007 3908 semper
1035 3820 1179 3905 vendere,
1216 3839 1313 3884 num-

385 3928 480 4020 qusin
495 3956 605 4001 emere.
640 3932 714 4001 Ideo
731 3936 812 4001 male
827 3948 989 4002 censentur
1007 3959 1043 4002 eo
1061 3916 1185 4002 tendere
1202 3931 1315 3999 debere

387 4045 544 4112 civitatum
571 4050 785 4135 gubernatores
810 4062 845 4115 ut
867 4072 914 4115 res
939 4072 1060 4134 omnes,
1089 4071 1169 4138 quse
1196 4048 1317 4116 civibus
