3120 5180
837 425 879 485 20

402 612 461 676 tiae
473 624 686 697 procreentur,
699 611 921 680 distribuantur
933 572 1200 703 elconsomamur.
1226 613 1330 677 Postea
1354 666 1356 681 .

400 722 438 787 ad
463 722 605 791 florentes
630 727 699 793 illas
721 729 813 795 urbes
836 729 1032 816 respicientes
1057 727 1113 792 riri
1139 726 1217 791 serio
1241 726 1333 810 cogi-

399 848 539 904 taverunt
559 839 597 905 de
617 840 795 907 divitiarum
817 845 943 908 illarum
964 843 1092 930 origine.
1149 836 1151 839 ⁵

445 951 483 1016 ln
500 954 588 1019 ltalia
602 956 700 1019 multa
717 956 827 1043 scripta
844 968 915 1021 sunt
933 955 973 1023 de
984 954 1172 1020 Oeconomia
1187 953 1333 1034 Politina,

400 1061 452 1130 sed
474 1066 507 1130 in
526 1067 671 1150 Francia,
692 1082 839 1155 regnante
860 1070 1020 1135 looorrco
1038 1068 1120 1135 xlv.
1140 1066 1242 1133 medio
1261 1089 1335 1132 aero

399 1177 520 1244 decimo
542 1180 671 1266 septimo
688 1178 880 1246 Cononnrrus
900 1184 1053 1270 imprimis
1073 1181 1112 1248 de
1129 1182 1333 1269 argumentis,

399 1290 438 1354 ad
470 1292 557 1357 illam
591 1291 790 1381 disciplinam
810 1296 1050 1384 pertinentibus,
1085 1296 1243 1362 sollicitus
1264 1294 1332 1358 fuit.

399 1403 541 1471 Conditio
571 1409 680 1473 aerarii
710 1411 845 1497 publici,
876 1434 948 1478 cum
977 1412 1033 1478 ille
1061 1409 1100 1475 ad
1130 1409 1335 1474 ministerium

400 1523 587 1608 perveniret,
600 1525 772 1591 miserrima
788 1539 860 1592 erat.
884 1526 993 1593 Nullos
1010 1529 1107 1593 ferme
1117 1526 1252 1613 amplius
1265 1545 1336 1588 ser-

397 1636 487 1701 vabat
508 1659 651 1704 nummos
672 1641 779 1724 fiscus,
803 1654 833 1709 et
854 1644 960 1709 infelix
978 1645 1110 1731 populus
1125 1641 1228 1729 gravia
1246 1639 1337 1700 mul-

402 1760 494 1838 taque
515 1752 645 1835 tributa,
670 1776 750 1843 quae
769 1755 808 1820 ad
836 1757 967 1823 civitatis
988 1750 1285 1818 administrationem
1308 1758 1338 1813 ct

396 1862 435 1928 ad
456 1865 539 1929 bella
557 1865 691 1951 gerenda
708 1869 875 1932 necessaria
891 1866 1057 1949 erant,vi1
1073 1866 1189 1930 solvere
1205 1857 1333 1950 poterat.

395 1972 517 2039 Civium
539 1976 765 2043 calamitatibus
787 1979 881 2046 linem
910 1982 1070 2068 imponere
1090 1979 1236 2067 cupiens,
1266 1998 1339 2043 om·
1446 2050 1449 2057 ,

397 2110 470 2155 nem
493 2088 637 2155 adhibuit
666 2091 822 2178 laborem,
846 2106 880 2159 ut
906 2096 1015 2161 aerarii
1039 2094 1159 2180 publici
1184 2091 1337 2174 conditio,

397 2204 495 2269 auctis
515 2205 582 2289 ejus
601 2205 768 2288 reditibus,
788 2207 899 2271 melior
917 2205 1105 2269 redderetur.
1130 2205 1240 2267 Multas
1258 2205 1339 2288 leges

396 2317 484 2402 tulit,
497 2341 577 2407 quae
588 2319 838 2407 importationem
847 2329 1019 2386 exterarum
1032 2317 1182 2382 mercium
1195 2317 1229 2380 in
1237 2315 1339 2379 Fran·
1430 2359 1441 2377 .

398 2436 446 2502 cia
466 2435 665 2521 prohiberent
685 2449 738 2501 aut
765 2460 815 2501 eas
837 2435 978 2522 gravibus
1002 2432 1202 2520 vectigalibus
1224 2452 1340 2495 onera-

349 2610 352 2615 <
399 2543 485 2627 rent,
518 2546 593 2609 alias
620 2546 712 2609 etiam
738 2548 820 2633 loges
844 2547 1064 2634 promulgarit,
1089 2568 1171 2636 quae
1196 2556 1342 2633 exporta-

336 2732 346 2739 „
399 2659 517 2722 tionem
547 2659 713 2744 mercium,
746 2683 826 2750 quae
858 2661 997 2726 nondum
1028 2662 1203 2727 elaboratae
1235 2673 1341 2745 erant,

401 2770 597 2859 impedirent.
622 2772 690 2837 Illis
711 2772 852 2837 studebat
867 2796 945 2858 opus
967 2774 1112 2858 praebere
1130 2772 1236 2835 multis
1260 2773 1342 2836 ciri-

323 2918 327 2922 ·
409 2889 485 2969 bus,
502 2908 565 2975 quo
580 2909 611 2950 se
621 2895 789 2951 sustentare
801 2886 958 2972 possint-et
972 2884 1154 2950 industriam
1167 2886 1200 2950 in
1216 2885 1343 2952 Francia

402 2999 500 3085 magis
517 2998 676 3087 magisque
694 2997 872 3081 extendere;
894 3000 1091 3065 hisoeautem
1105 3010 1220 3067 exteros
1234 3022 1342 3088 cogere
1435 3012 1438 3019 '

403 3112 526 3178 volebat
545 3110 585 3176 ad
606 3135 656 3178 eas
674 3134 792 3179 merces
813 3113 973 3200 emendas,
991 3115 1151 3203 quaejam
1172 3116 1344 3181 elaboratae

405 3241 501 3296 eraut.
533 3229 664 3295 Putabat
685 3230 741 3295 ille
768 3230 893 3295 metalla
916 3231 1048 3317 pretiosa
1074 3242 1195 3295 tantum
1222 3230 1344 3297 divitias

406 3351 591 3411 constituere
611 3355 642 3410 et
663 3366 770 3409 omnes
790 3345 869 3410 vires
889 3365 926 3408 eo
951 3341 1146 3426 intendebat,
1177 3355 1211 3407 ut
1234 3329 1344 3408 itta'in

408 3457 535 3522 Francia
557 3457 590 3520 in
610 3456 676 3523 dies
696 3457 974 3522 accumularentur.
1004 3456 1185 3521 Persuasum
1208 3457 1267 3520 sibi
1282 3458 1346 3521 ha-

408 3570 501 3636 bebat
521 3591 647 3634 omnem
664 3570 732 3633 auri
751 3569 935 3657 argentique
951 3567 1193 3655 exportationem
1217 3568 1345 3634 civitatis

409 3682 530 3751 divitias
549 3681 725 3749 diminuere
748 3693 778 3749 et
799 3684 830 3748 ei
849 3683 944 3771 igitur
960 3681 1139 3747 damnosam
1167 3704 1240 3748 esse.
1270 3683 1345 3745 Eam

411 3798 452 3863 ob
469 3819 593 3864 causam
610 3796 800 3884 'prohibebat
822 3821 861 3863 ne
883 3798 937 3861 illa
955 3807 1194 3883 exportarentur.
1218 3795 1347 3861 Favebat

412 3923 517 3977 contra
542 3931 649 3978 eorum
669 3911 887 3998 importationi.
920 3910 964 3973 lta
984 3931 1049 3974 sese
1068 3909 1200 3973 habebat
1218 3919 1346 3996 systema

371 4110 375 4119 ι
410 4029 641 4092 mercatoriam
661 4026 707 4092 vel
726 4026 944 4100 uneheim,
962 4021 1045 4111 quod
1063 4034 1093 4086 et
1110 4021 1348 4089 colbertiniams‘
