3120 5180
786 519 855 581 Χ10

366 709 477 795 habet,
497 712 531 777 in
551 714 730 800 pecnniam3
747 713 879 782 secunda
894 715 927 778 in
945 735 995 796 re,
1013 733 1107 802 quam
1121 709 1298 778 emercsibi

365 837 578 912 proposuerat,
604 822 732 894 emenda
763 850 818 914 pro
847 827 994 914 pecunia,
1025 846 1118 915 quam
1141 848 1159 890 e
1181 823 1297 890 vendi-
1399 869 1402 875 ·
1471 863 1476 869 -

365 939 450 1005 tione
470 941 515 1006 rei
539 964 611 1007 suae
630 941 800 1030 aequisivit.
841 941 915 1024 Ille,
939 941 994 1029 qui
1016 937 1120 1005 rendit
1144 961 1190 1003 res
1212 958 1295 1022 suas,

365 1073 429 1118 nou
456 1055 619 1138 pecuniam
646 1055 744 1140 ipsam
768 1052 921 1141 possidere
942 1055 1043 1141 eupit,
1074 1074 1147 1118 nam
1168 1053 1296 1119 haeooi

363 1166 461 1231 ferme
478 1168 598 1231 nullam
614 1167 777 1234 utilitatem
794 1167 902 1235 afferre
922 1178 1034 1256 potest,
1058 1166 1108 1232 sed
1129 1167 1222 1252 hujus
1239 1168 1297 1253 ope

366 1280 442 1344 alias
472 1303 536 1362 res,
571 1303 650 1370 quae
679 1282 709 1346 ei
740 1285 837 1368 magis
863 1283 1065 1366 conveniunt,
1096 1303 1190 1370 quam
1221 1303 1297 1371 quas
1359 1330 1362 1335 «

365 1391 554 1479 possidebat,
577 1395 636 1460 sibi
656 1397 721 1461 rult
745 1388 927 1484 acquirere·
951 1396 1085 1462 Pecunia
1107 1397 1201 1482 igitur
1220 1418 1298 1482 per-

365 1529 457 1573 sonae
471 1508 666 1596 interpositae
680 1510 745 1575 vice
756 1511 908 1597 fungitur,
929 1531 1000 1576 oum
1014 1532 1061 1575 res
1073 1520 1294 1596 permutentur.
1337 1590 1341 1600 Ι

366 1620 502 1689 Pecunia
516 1624 583 1711 ipse
599 1646 662 1695 nou
678 1635 813 1713 optatur,
834 1624 887 1690 sed
905 1636 949 1691 est
968 1618 1142 1691 remedium
1162 1634 1296 1706 tantum,

365 1759 428 1825 quo
447 1738 537 1804 facile
559 1740 754 1827 acquiramus
773 1763 837 1824 res,
858 1762 939 1829 quae
956 1740 1046 1804 nobis
1068 1737 1216 1824 placent(
1238 1736 1261 1823 ).

410 1848 588 1919 Tenendum
609 1855 702 1918 etiam
724 1866 783 1937 est,
807 1854 888 1936 ejus,
912 1852 970 1939 qut
988 1873 1034 1915 res
1054 1870 1122 1913 suas
1139 1836 1294 1932 vendidit,

332 1992 336 2033 ι
368 1962 596 2052 quodammodo
611 1968 770 2030 moliorem
791 1979 854 2030 osse
869 1963 1091 2045 conditionem,
1107 1984 1201 2051 quam
1216 1963 1298 2047 ejus,

333 2056 337 2125 ἶ
367 2076 422 2165 qui
450 2098 501 2141 eas
530 2064 625 2142 emit.¹
657 2076 806 2146 Venditor
833 2080 936 2162 enim,
966 2089 1141 2165 comparata
1167 2079 1299 2165 pecunia

154 2170 179 2277 ³(
334 2224 339 2281 s
365 2212 471 2257 omnes
488 2192 589 2257 statim
612 2192 687 2258 alias
709 2215 757 2257 res
779 2186 938 2281 acquirere
957 2204 1077 2275 potest,
1097 2214 1170 2258 cum
1192 2204 1298 2258 centra

192 2284 202 2363 t'
265 2298 269 2305 ’
336 2284 341 2391 ξ
364 2306 474 2372 emtori
489 2303 567 2369 duae
581 2305 654 2370 illae
669 2314 853 2368 memoratae
868 2304 1003 2367 actiones
1018 2302 1209 2389 peragendae
1225 2305 1295 2367 siut.

339 2398 347 2489 i
408 2417 550 2487 Vidimus
572 2419 703 2507 pecunia
721 2403 805 2485 reete
819 2417 950 2506 exprimi
970 2418 1103 2513 valorem
1124 2436 1244 2500 rerum,
1268 2406 1298 2487 et

365 2532 439 2601 inde
467 2532 537 2596 duit
564 2533 624 2599 hoo
650 2533 856 2618 principium,
885 2530 970 2620 quod
997 2528 1081 2596 idem
1112 2530 1149 2595 sit
1174 2530 1297 2597 metalla

365 2646 496 2733 pretiosa
512 2645 560 2710 rel
580 2666 722 2711 nummos
741 2667 758 2708 e
779 2644 863 2711 hisee
880 2648 1033 2713 coniectos
1055 2645 1222 2733 possidere,
1245 2657 1299 2712 aut

365 2782 429 2843 res,
455 2780 587 2849 quarum
603 2760 687 2824 valor
703 2757 786 2824 idem
802 2771 849 2825 est
865 2783 902 2825 ao
920 2772 1019 2825 certae
1037 2760 1215 2844 quantitatis
1231 2754 1298 2823 auri
1387 2840 1389 2843 .

297 2872 319 2957 {7
365 2875 530 2962 argentive.
564 2873 653 2937 Multi
666 2874 808 2954 fuerunt,
832 2872 902 2959 qui,
919 2871 978 2935 hoo
996 2871 1113 2935 axioma
1131 2870 1297 2958 negligen-

303 2978 307 2989 ’
363 3001 425 3070 tes,
447 2984 666 3075 contenderent
687 2986 778 3072 longe
806 2985 913 3049 utilius
941 2984 1007 3048 fore
1036 2983 1212 3048 civitatibus
1238 3006 1297 3050 οι-
1398 2982 1403 2988 ’

309 3150 313 3173 .
365 3110 485 3189 portare
509 3122 626 3166 meroes
652 3111 682 3165 et
711 3122 817 3167 earnm
837 3100 872 3163 in
895 3099 1000 3164 locum
1018 3098 1142 3162 metalla
1163 3100 1296 3184 pretiosa

364 3216 542 3306 acquirere,
567 3236 659 3305 quam
679 3224 789 3279 aurum
807 3215 855 3280 vel
877 3223 1038 3301 argentum
1063 3223 1144 3278 extra
1167 3214 1297 3280 civitatis

365 3330 442 3397 fines
454 3332 574 3397 mittere
592 3340 622 3396 et
640 3330 717 3396 alias
732 3332 869 3417 accipere
889 3316 1021 3412 meroes,
1044 3351 1122 3417 quae
1141 3338 1299 3395 usu'oonss

367 3457 539 3508 sumuntur.
569 3446 660 3510 Hunc
674 3465 795 3531 gravem
809 3464 942 3508 errorem
958 3441 1095 3506 indicare
1113 3443 1297 3507 conabimur

367 3556 401 3621 in
421 3567 507 3642 parte
528 3558 568 3620 11.
594 3558 660 3641 §o

412 3667 499 3733 Olim
532 3690 603 3734 eum
636 3667 789 3754 principia
818 3667 1013 3733 oeconomiae
1042 3664 1103 3750 pot.
1130 3662 1246 3739 adhue
1262 3664 1295 3728 in

368 3784 501 3852 tenebris
523 3781 700 3849 abscondita
720 3792 834 3865 essent,
859 3768 1004 3847 nouuu'tti
1023 3762 1210 3866 imperantes
1231 3758 1296 3865 pu'ss

368 3908 508 3967 taverunt
524 3899 656 3965 valorem
676 3905 815 3960 monetae
834 3895 927 3961 abiis
945 3882 1113 3983 secundum
1132 3878 1295 3975 'suanoru-

399 4051 437 4121 (1)
453 4055 490 4105 Gt.
509 4058 572 4121 Sar,
588 4056 751 4117 certationes,
768 4070 823 4122 pag.
843 4053 883 4102 dt.
908 4051 1041 4119 lornano,
1058 4066 1112 4118 pag.
1129 4052 1179 4100 206
1202 4052 1299 4100 erm.

367 4156 390 4196 et
402 4147 502 4212 scriptor
517 4146 547 4196 ab
563 4148 603 4197 illo
619 4149 712 4197 citatus.
730 4146 805 4196 nior.
821 4162 859 4211 op.
872 4142 935 4193 laud.
952 4142 1003 4195 tib.
1016 4144 1051 4193 11.
1068 4134 1163 4209 Capsd.
1174 4160 1229 4211 pag.
1240 4144 1300 4191 2⁰0.
