3120 5180
911 495 953 558 98

461 687 632 757 adversarii.
662 685 858 753 contendunt
877 689 927 753 illi
945 689 1119 775 vectigalia,
1140 709 1218 776 quae
1236 688 1399 776 peregrim

463 804 600 886 solvunt,
631 824 704 869 eum
737 824 853 869 merces
883 803 925 867 ab
955 802 993 866 iis
1023 802 1241 888 importentur,
1271 803 1402 883 lucrum

462 927 583 984 tautum
613 915 803 998 diminuere,
835 914 919 1005 quod
949 916 1106 1002 percipere
1126 915 1177 978 illi
1198 915 1258 979 sihi
1278 937 1404 1002 propo·-

465 1041 587 1095 sueraut
615 1052 651 1095 er
678 1050 784 1094 earum
812 1027 994 1094 venditione.
1033 1027 1093 1094 Sed
1118 1030 1222 1092 minus
1245 1039 1326 1094 recte
1348 1029 1404 1092 illi

464 1144 523 1210 hoc
544 1143 717 1230 intelligere
737 1141 887 1209 videnturss
915 1142 1088 1229 Peregrini,
1110 1163 1181 1207 eum
1198 1164 1313 1207 merces
1328 1162 1402 1207 suas

466 1256 637 1338 advehunt,
658 1277 713 1340 pro
731 1256 768 1319 iis
780 1257 913 1341 pretium
930 1255 1057 1345 aliquod
1068 1255 1206 1342 exigunt,
1219 1254 1302 1345 quod
1314 1278 1405 1321 con-

457 1369 542 1433 tinet
564 1367 698 1434 valorem
719 1388 838 1451 rerum,
862 1389 941 1456 quae
958 1365 997 1431 ad
1012 1368 1235 1432 coniectionem
1253 1378 1307 1430 aut
1324 1367 1403 1432 ela·

463 1481 666 1548 horationem*
687 1481 873 1547 necessariae
905 1491 991 1547 eraut
1023 1491 1053 1545 et
1083 1480 1275 1564 mercedem,
1304 1494 1405 1570 quam

462 1596 589 1683 opifices
619 1602 797 1661 meruerunt
824 1596 857 1660 iu
884 1617 992 1661 earum
1023 1596 1247 1662 confectionem
1273 1618 1405 1682 opera-m

464 1708 678 1796 impendentes
699 1719 730 1774 et
749 1710 875 1797 insuper
889 1709 1012 1775 lucrum
1032 1708 1186 1798 quoddam
1200 1718 1321 1790 eorum,
1343 1711 1405 1797 qui

463 1826 496 1892 id
523 1828 692 1897 industriae
721 1851 817 1915 genus
845 1827 1037 1893 tractandum
1065 1828 1099 1889 in
1129 1835 1161 1888 se
1190 1835 1403 1908 susceperunt.

463 1942 498 2005 si
517 1942 584 2025 jam
607 1938 753 2028 quamvis¹
770 1943 811 2002 ob
836 1960 960 2003 eausam
982 1937 1113 2023 vectigal
1137 1934 1293 2024 quoddam
1308 1938 1404 2002 seri-

454 2053 548 2118 -lsitur
568 2048 729 2117 iubarum
748 2051 898 2117 mercium
916 2051 1177 2137 importatiouem,
1199 2068 1304 2114 eorum
1321 2072 1404 2136 pre·-

455 2167 541 2231 :tium
573 2166 764 2231 tantumdem
795 2176 925 2252 augetur
957 2177 986 2229 et
1014 2164 1095 2231 cives
1122 2186 1172 2232 eas
1201 2175 1334 2231 ementes
1365 2168 1403 2231 iu

461 2281 559 2367 pretio
580 2280 673 2343 simul
689 2274 852 2342 restituunt
865 2278 994 2364 vectigal
1008 2274 1234 2361 'venditoribus‚
1255 2276 1337 2366 quod
1355 2254 1400 2343 als

461 2388 500 2457 iis
525 2394 658 2462 solutum
685 2400 758 2457 erat.
793 2392 926 2459 Lucrum
953 2388 1047 2477 igitur
1061 2395 1307 2479 peregrinorum
1333 2413 1401 2459 nou

462 2506 662 2588 diminuitur,
692 2503 746 2570 sed
768 2526 873 2591 reapse
892 2500 979 2570 ¹cives
1002 2517 1072 2568 sunt
1090 2506 1145 2594 qui
1166 2504 1246 2569 illud
1266 2506 1399 2595 vectigal

463 2619 537 2684 fisco
557 2620 688 2683 solvunt.

505 2733 660 2821 Vectigal,
683 2731 767 2821 quod
787 2735 934 2819 scriptum
957 2747 1002 2801 est
1024 2737 1057 2799 in
1079 2737 1319 2821 exportationem
1339 2758 1402 2803 re-

459 2869 532 2912 rum
551 2848 736 2934 patriarum,
756 2846 964 2939 attributum
982 2847 1168 2911 indirectum
1190 2846 1399 2916 considerant.

460 2960 520 3024 Sed
548 2980 653 3022 nonne
681 2957 825 3045 iniquum
852 2968 897 3023 est
924 2980 979 3044 pro
1006 2959 1146 3024 libertate
1171 2962 1399 3027 commercium

460 3069 616 3163 quoddam
638 3071 750 3160 agendi
772 3073 812 3138 ab
835 3074 904 3139 aliis
929 3074 1067 3162 aliquam
1089 3075 1253 3159 pecuniam
1277 3076 1400 3163 erigere

459 3187 632 3267 civitatem,
655 3207 674 3249 a
697 3184 786 3267 cujus
810 3185 962 3250 solutione
983 3165 1165 3252 mercatores
1186 3189 1240 3251 alii
1260 3202 1331 3253 sunt
1352 3190 1400 3253 li-

457 3297 586 3369 beratil.
625 3299 752 3373 Tributa
783 3299 868 3363 euim
899 3300 942 3364 ab
972 3300 1116 3364 omnibus
1148 3301 1267 3366 civibus
1298 3324 1398 3392 aequa

460 3426 546 3503 parte
573 3423 646 3474 suut
672 3410 823 3477 solvenda.
859 3411 1015 3496 Injustum
1044 3424 1087 3478 est
1117 3414 1157 3478 ab
1185 3414 1233 3479 his
1262 3417 1397 3483 multum

461 3526 598 3611 erigere,
615 3532 644 3589 et
658 3523 776 3591 abillis
792 3524 881 3589 nihil.
910 3524 1074 3591 Probabile
1084 3537 1128 3591 est
1144 3540 1324 3596 mercatores
1335 3553 1396 3595 er-

460 3635 611 3727 portaudo
630 3657 746 3713 merces
768 3638 889 3703 lucrum
909 3638 1035 3727 aliquod
1053 3663 1189 3725 sperare,
1211 3643 1301 3728 eujus
1316 3668 1396 3732 pas.

462 3764 526 3818 tem
546 3750 780 3835 civitaserigit,
803 3749 856 3816 sed
878 3750 927 3813 illi
944 3774 1084 3840 quoque,
1103 3754 1159 3841 qui
1176 3753 1216 3818 ad
1231 3774 1266 3820 se
1284 3756 1394 3827 advehi

461 3876 571 3933 curant
587 3865 777 3950 ,peregrinae
803 3846 933 3946 merces,
965 3865 1113 3943 damnum
1138 3867 1265 3957 aliquod
1290 3868 1393 3939 subire
1481 3936 1482 3959 ,

463 3979 582 4069 nolunt.
609 3966 743 4045 lucrum
759 3976 885 4066 aliquod
907 3978 1000 4044 etiam
1016 3981 1065 4045 illi
1082 3993 1210 4068 sperant.
1234 3981 1392 4051 Praeterea
1480 4018 1481 4021 ¹

346 4106 360 4127 ·
460 4088 684 4175 observandum
707 4101 750 4155 est
773 4101 995 4177 exterossaepe
1017 4094 1057 4171 ab
1075 4116 1181 4175 aarum
1204 4095 1337 4165 emtione
1358 4118 1390 4161 se
