3120 5180
775 500 838 589 10⁰

258 725 260 728 >
344 704 499 762 merentur
526 693 691 781 stipendia,
717 717 796 784 quae
825 695 863 759 iis
886 688 1104 760 conceduntur.
1133 686 1272 771 ludices,

344 810 399 898 qui
423 829 529 895 eperat
552 831 620 874 suas
643 807 805 876 indefessas
832 808 996 891 adhibent,
1019 817 1054 871 ut
1079 824 1184 871 omnes
1204 802 1274 866 lites

345 923 424 987 inter
448 922 528 988 circs
551 919 734 987 dirimantur
756 933 787 987 et
812 924 856 988 sic
879 922 1022 987 omnibus
1044 920 1116 1004 jura
1137 939 1192 983 sua
1212 915 1275 979 tri-

344 1039 401 1103 hui
431 1049 556 1122 curant,
583 1061 639 1125 pro
667 1037 730 1103 illis
762 1036 920 1104 beneficiis
944 1034 1142 1121 honorarium
1168 1028 1287 1121 quod-1

346 1148 418 1216 dum
444 1150 516 1236 jure
543 1162 694 1237 expetunt.
731 1151 785 1215 Illi
812 1149 938 1240 quidem
965 1172 984 1214 a
1009 1148 1129 1214 civitate
1155 1142 1276 1234 aliquid
1290 1140 1308 1217 ᾗ

346 1266 519 1352 accipiunt,
541 1288 604 1354 qun
625 1288 659 1334 se
676 1277 857 1349 sustentent,
881 1263 933 1331 sed
950 1264 1081 1328 minime
1096 1263 1147 1328 illi
1164 1247 1279 1328 cisium
1391 1282 1394 1287 ’

349 1379 499 1443 sumtibus
520 1379 621 1445 rivere
640 1390 711 1443 sunt
727 1378 865 1463 dicendi,
888 1400 962 1443 nam
978 1379 1118 1466 aliquam
1135 1377 1173 1467 iis
1186 1397 1281 1463 prae-

348 1493 424 1558 bent
445 1493 618 1559 utilitatem.
650 1493 820 1581 Vectigalia
840 1517 911 1560 reru
931 1494 1033 1581 gravia
1056 1493 1186 1556 minime
1210 1500 1281 1555 sunt

348 1607 437 1670 utilia
458 1606 584 1672 civibus.
615 1607 756 1695 Magnam
772 1620 890 1695 partem
905 1608 1032 1673 illorum
1048 1607 1190 1671 absorbet
1204 1627 1261 1691 por
1284 1635 1287 1640 ·

350 1719 476 1783 litorum
495 1720 605 1806 ingens
624 1742 770 1788 numerus
784 1734 814 1787 et
829 1723 991 1805 salarium,
1008 1720 1091 1809 quod
1106 1721 1143 1783 iis
1158 1719 1282 1805 praebet

320 1832 472 1915 anitius,
493 1833 627 1915 civibus,
647 1835 703 1922 qui
716 1829 922 1902 mercaturam¹
931 1847 1042 1921 agunt,
1062 1829 1282 1894 estademtum.

224 2012 236 2025 „
352 1944 472 2011 Civium
492 1944 677 2011 detrimento
698 1958 729 2010 et
748 1948 900 2009 sumtibus
920 1945 1014 2030 igitur
1036 1943 1085 2006 illi
1105 1941 1239 2032 vivunt(
1261 1940 1284 2030 )

350 2057 402 2121 Est
424 2057 517 2121 etiam
538 2056 658 2123 veritati
678 2078 773 2146 quam
794 2058 926 2122 maxime
944 2057 1132 2123 eontrarium
1150 2067 1285 2122 centen-

261 2250 263 2253 .
342 2154 423 2245 =dere
449 2169 564 2234 tributa
592 2154 711 2234 civibus
738 2168 885 2235 damnosa
916 2192 980 2234 non
1008 2193 1086 2252 esse,
1116 2168 1203 2257 quasi
1230 2168 1287 2233 illa

354 2285 391 2347 iis
414 2283 626 2349 consumtione
649 2285 854 2348 restituamur.
883 2282 1118 2348 Arero‘aliena
1135 2293 1179 2346 est
1193 2303 1287 2369 quam

354 2399 487 2464 maxime
507 2397 584 2463 haec
606 2385 765 2466 sententia.

401 2510 529 2596 Civitas,
551 2537 578 2576 v.
604 2535 632 2600 g.
655 2511 810 2601 quoddam
831 2513 923 2600 exigit
942 2514 1093 2600 tributum
1115 2512 1288 2592 usisibus,

357 2638 398 2690 ut
414 2624 612 2692 aedificentur
632 2625 721 2691 aedes
742 2626 1017 2710 sumtuosissimae,
1040 2625 1137 2712 Regis
1157 2627 1190 2690 in
1213 2647 1290 2712 gra-

356 2740 431 2804 tiam
462 2749 515 2803 aut
547 2739 689 2805 aliorum.
734 2739 849 2806 Omnes
881 2741 1002 2806 solvunt
1032 2738 1111 2803 illud
1143 2750 1173 2803 et
1199 2738 1290 2800 multi

358 2846 488 2936 eiiium,
511 2863 546 2916 ut
561 2853 641 2916 labri
663 2852 804 2938 tigurini,
828 2853 1041 2933 caementarii,
1064 2853 1194 2935 pictores
1214 2849 1292 2912 alii-

359 2989 421 3055 que
452 2966 556 3049 plures
585 2963 658 3027 inde
687 2963 811 3027 lucrum
841 2960 967 3050 aliquod
998 2963 1182 3049 percipiunt.
1231 2944 1292 3026 Sed

268 3057 271 3065 Ι
359 3077 471 3146 adsunt
492 3077 653 3168 permulti,
677 3078 734 3166 qui
753 3077 879 3141 nullum
904 3075 977 3143 inde
998 3064 1196 3144 commodum
1217 3099 1295 3144 sen-

360 3194 452 3257 tiunt.
486 3190 540 3254 llli
562 3186 696 3276 proiecto
716 3191 795 3259 illud
818 3186 902 3279 quod
929 3191 1084 3257 solverunt
1109 3191 1294 3274 amiserunt,

355 3324 436 3373 ¹nam
466 3305 578 3370 horum
608 3327 718 3392 parurn
750 3306 877 3372 interest
905 3305 988 3394 quod
1021 3316 1200 3383 sumtuosae
1221 3306 1297 3372 illae

366 3418 455 3487 aedes
474 3419 646 3484 habeantur
672 3442 713 3484 an
733 3421 846 3484 minus.
883 3418 1024 3506 Operarii
1043 3431 1163 3504 autem,
1187 3422 1243 3512 qui
1263 3421 1298 3484 in

365 3535 476 3600 harum
505 3532 628 3598 aedium
654 3545 804 3600 structura
831 3545 903 3599 sunt
931 3536 1088 3622 occupati,
1121 3535 1298 3622 percipiunt

367 3644 557 3730 mercedem,
578 3649 766 3735 prosperis,
783 3671 859 3738 quas
879 3660 1047 3736 praestant,
1069 3647 1121 3715 se'd
1138 3671 1209 3737 pars
1228 3647 1297 3724 illa,

273 3818 276 3821 .
369 3784 463 3852 quam
486 3761 577 3848 gratis
602 3763 773 3847 solverunt,
795 3764 903 3828 tributi
929 3765 1071 3849 nomine,
1102 3763 1140 3829 iis
1168 3759 1298 3827 minime

371 3875 541 3942 restituitur
562 3872 620 3966 (2).
659 3875 759 3944 Recte
787 3876 881 3969 igitur
902 3876 987 3971 dicit
1017 3878 1074 3947 Vir
1105 3878 1185 3944 Glar.
1215 3873 1305 3954 Su,
1374 3858 1377 3869 ¹

365 3985 566 4001 m

400 4037 441 4106 (1)
459 4040 499 4091 ut·
512 4041 578 4106 Su,
594 4056 633 4107 up.
648 4036 714 4088 land(
730 4039 795 4088 l’om.
810 4038 855 4089 IV·
873 4054 928 4106 pag.
945 4039 1006 4089 873.

404 4127 448 4201 (a)
465 4132 605 4200 Nam,
622 4150 661 4200 op.
677 4130 741 4191 laud.
758 4132 824 4185 ron.
842 4132 863 4183 l.
880 4148 938 4201 pag.
954 4132 997 4183 ⁸4.
