3120 5180
838 477 881 540 98

440 665 478 730 Et
494 688 595 731 revera
610 668 768 753 portitores
784 680 815 734 et
828 670 987 756 publicani
1002 691 1066 735 non
1080 691 1185 736 omnes
1201 669 1322 737 fraudes

388 781 571 864 'praevenire
597 791 650 845 eut
675 779 815 869 detegere
842 795 969 869 possunt
993 795 1023 848 et
1047 805 1164 869 poenae
1190 786 1321 850 severis-
1395 766 1419 797 ”

395 893 489 965 simae
517 916 580 958 nou
607 894 759 979 efficiunt,
789 907 824 960 ut
853 898 958 965 nullae
987 899 1114 963 omnino
1141 920 1189 963 res
1215 896 1321 962 fraude

395 1005 596 1092 importantur
620 1017 672 1070 aut
695 992 896 1095 exportentur.
934 1004 1046 1097 duglia
1069 1009 1256 1077 circumdata
1278 1021 1322 1075 est

394 1112 526 1185 navibus
540 1122 679 1203 armatis,
701 1142 831 1210 quarum
852 1125 989 1211 magistri
1009 1148 1114 1192 cavere
1130 1123 1260 1205 debent,
1281 1146 1322 1188 ne

393 1233 512 1321 aliquid
541 1235 644 1320 legum
674 1236 708 1299 in
736 1236 874 1302 fraudem
903 1237 975 1321 fiat,
1011 1248 1041 1303 et
1072 1249 1175 1303 tamen
1206 1237 1321 1300 multae

394 1367 508 1411 merces
521 1347 567 1410 ibi
584 1349 665 1413 clam
678 1333 872 1416 invehuntur.
890 1350 1104 1417 Nobilissimus
1115 1351 1323 1421 temerasse
1351 1357 1354 1365 '

393 1459 541 1545 inopere
567 1459 605 1526 de
630 1465 955 1551 oeconomia-politica
980 1476 1081 1529 narrat
1108 1486 1226 1551 pannos
1244 1476 1324 1537 ‚tex-

392 1573 462 1639 tiles
484 1574 606 1664 aliaque
623 1566 772 1664 quaedam
794 1602 811 1644 e
831 1579 960 1644 Francia
980 1580 1014 1643 in
1035 1568 1181 1666 Angliam
1201 1580 1325 1665 impor—
1397 1659 1400 1662 ἦ

393 1698 457 1752 tare
484 1689 592 1754 severis
613 1689 735 1776 legibus
756 1691 847 1777 plane
870 1692 1061 1778 prohibitum
1084 1708 1148 1756 esse
1169 1702 1199 1754 et
1220 1701 1324 1755 tamen

393 1802 427 1865 in
451 1802 521 1865 aula
549 1801 645 1890 Regis
670 1805 766 1891 ipsius
788 1794 886 1870 multa
910 1804 1063 1889 ejusmodi
1084 1802 1246 1871 Francicus
1266 1802 1324 1865 in-

393 1912 526 1979 dustriae
543 1916 663 1999 negotia
685 1917 947 1999 palamnonspici
966 1911 1026 2003 (1).
1062 1913 1190 1977 Francia
1210 1912 1323 1998 publi-

279 2056 287 2083 u
392 2045 540 2092 canorum
565 2025 682 2112 triplici
707 2026 791 2092 linea
808 2026 999 2093 circumdata
1017 2036 1066 2091 est
1086 2036 1239 2091 ettamen
1257 2025 1325 2089 Μὶ-
1436 2116 1439 2121 1

395 2140 489 2204 nister
515 2160 619 2204 rerum
642 2140 833 2205 internarum
852 2150 923 2205 ante
944 2141 1062 2230 aliquot
1083 2162 1179 2217 annos
1201 2139 1342 2225 publice⁸

395 2253 544 2341 professus
558 2263 618 2335 est,
633 2275 675 2335 ne
690 2253 831 2341 quintam
842 2264 960 2338 partem
972 2253 1136 2334 mercium,
1153 2272 1232 2339 quae
1244 2252 1325 2316 clam

318 2406 322 2409 ν
395 2369 611 2453 importantur,
636 2365 785 2453 prehendi
813 2378 866 2431 ant
893 2366 1047 2452 publicari
1072 2388 1168 2453 posse.
1210 2365 1324 2430 Multas

395 2503 528 2564 merces,
553 2502 632 2568 quae
654 2481 688 2544 in
711 2479 827 2545 Russia*
846 2480 1018 2567 prohibitae
1041 2490 1127 2563 sunt,
1155 2480 1201 2544 ihi
1222 2490 1326 2557 tamen

331 2611 333 2615 ’
394 2593 519 2660 aliunde
546 2592 688 2659 adrectae
713 2593 919 2659 inveniuntur.
956 2594 994 2658 In
1020 2592 1174 2659 Austriam
1201 2605 1232 2659 et
1257 2593 1327 2657 Bo-

395 2704 524 2769 russiam
551 2704 660 2792 exigua
690 2703 830 2772 mercede
858 2726 973 2771 meroes
1003 2700 1180 2791 prohibitae
1201 2705 1325 2790 impor-

397 2828 501 2884 tantur
522 2814 582 2908 (2)
1125 2886 1130 2897 ¹

440 2929 526 2995 Patet
546 2930 639 3014 igitur
650 2931 739 3016 -leges
761 2928 978 3017 prohibitorias
1000 2940 1030 2995 et
1046 2930 1148 3016 gravia
1167 2930 1327 3017 uectigalia

397 3042 573 3128 saepissime
593 3039 703 3109 effoetis
724 3065 845 3120 carere„
870 3059 871 3063 ’
1294 3114 1297 3121 ,

441 3153 501 3222 Sed
521 3168 552 3222 et
571 3156 657 3225 aliud
678 3156 826 3222 damnum
846 3159 919 3225 illae
938 3159 1020 3245 leges
1039 3157 1202 3225 adversarii
1222 3161 1327 3246 legum

390 3269 669 3359 'prohibitoriarum
696 3269 804 3337 afferre
830 3283 947 3357 putant.
985 3271 1184 3338 Mercatorum
1208 3294 1329 3337 nume-

398 3405 469 3449 rum
494 3384 528 3449 in'
551 3384 627 3450 duas
653 3379 752 3472 partes
779 3384 978 3450 dividendum
1005 3397 1130 3472 putant,
1160 3408 1272 3473 nempe
1293 3387 1328 3451 iu

360 3530 362 3533 ·
400 3519 468 3580 eos,
490 3497 545 3585 qui
566 3499 726 3585 vectigalia
748 3498 858 3587 scripta
881 3498 1017 3581 solvunt,
1049 3509 1079 3563 et
1109 3499 1248 3583 midos,
1273 3499 1327 3586 qui

400 3608 520 3676 fraudes
533 3609 689 3676 adhihent.
713 3613 784 3695 Illi,
803 3613 858 3701 qui
880 3610 1086 3677 obedientiam
1106 3598 1257 3697 praestent
1277 3612 1327 3676 le-

297 3759 299 3762 >
402 3725 492 3813 gibus
514 3735 545 3791 et
573 3726 708 3809 solvunt,
738 3724 820 3815 quod
848 3723 921 3790 fiseo
947 3735 992 3789 est
1011 3723 1204 3808 solvendum,
1229 3723 1327 3806 majus

426 3910 477 3978 ’(1)
495 3910 711 3978 Lectudignissime
720 3918 790 3975 sunt,
801 3924 861 3976 quus
870 3906 941 3957 lrsbet
952 3907 995 3956 Vir
1006 3906 1076 3956 Cous.
1094 3904 1252 3970 Guvmrx,
1269 3866 1333 3971 sper.

398 4003 417 4055 1.
434 4019 489 4069 pag.
508 4007 555 4055 117
573 4021 603 4052 su
618 4004 686 4055 Rota.
1209 4016 1211 4023 '
1269 4052 1271 4057 .

435 4090 475 4161 (2)
491 4094 528 4145 (td.
542 4094 676 4161 virrnmpl.
685 4107 737 4144 m
748 4092 907 4154 doemon,
916 4106 955 4166 ‚op
962 4088 1026 4141 laud.
1036 4090 1101 4138 Tem.
1112 4087 1133 4139 Ι.
1146 4102 1201 4152 pug-
1213 4089 1245 4139 71
1257 4097 1282 4137 et
1291 4090 1333 4139 tto.
